1308 1835
207 192 255 211 1335]
405 200 429 211 AB
445 200 498 212 *nuo
515 200 634 212 ucczxxxvi
651 199 718 214 usqum
737 199 760 210 m
778 198 847 210 Annum(
865 198 935 210 necet.
1105 197 1137 214 445

205 235 246 252 aliis
260 235 376 253 facultatibus
392 236 432 253 fieri
449 237 542 254 consuetis
558 241 612 254 causa
628 236 737 259 proficiendi
752 239 772 253 ut
788 242 843 259 supra
860 233 994 259 presentialiter
1011 236 1099 257 [affueritL
1115 238 1137 254 de

205 268 272 292 quibus
286 268 342 286 iidem
356 269 415 289 saciet,
427 269 442 286 si
453 275 508 291 super
522 269 556 286 hoc
570 270 625 286 fuerit
638 270 738 292 requisitus
750 275 783 292 per
791 271 913 293 juramentum
928 269 983 286 unius
994 272 1013 286 et
1022 269 1096 286 alterius
1106 270 1137 292 qui

204 302 264 325 ipsum
275 302 341 319 viderit
350 302 424 319 ibidem.
433 302 494 319 Liceat
501 302 554 319 etiam
562 302 664 325 cuicunque
677 303 764 326 magistro
774 306 837 320 nostre
849 302 928 320 nationis
938 302 1081 325 supplicationes
1091 302 1137 319 inte-

205 336 278 356 timere,
287 335 316 352 vel
326 341 357 352 eas
367 335 475 356 concedere,
487 335 586 352 dummodo
595 335 646 357 juret
656 336 705 358 quod
715 335 760 359 legit
770 336 788 352 in
799 336 861 353 eadem
873 336 903 353 die
914 342 949 359 qua
959 335 1044 353 concedit
1052 335 1081 353 vel
1091 335 1137 352 inle-

205 368 259 389 rimit,
271 368 286 385 si
296 368 351 385 suerit
361 368 461 391 requisitus
471 368 572 385 secundum
582 368 657 384 sormam
668 365 730 385 statuti
740 368 836 385 facultatis.

250 401 278 418 Ad
292 401 349 418 officia
364 407 408 418 vero
422 404 485 418 nostre
498 401 579 418 nationis
592 407 625 418 nec
640 404 752 424 procurator,
764 407 797 418 nec
809 401 859 418 ullus
871 402 983 423 admittatur,
993 402 1028 419 nisi
1042 402 1092 425 prius
1105 407 1137 424 per

206 440 286 452 mensem
301 434 388 452 continue
402 440 469 457 regens
484 434 547 456 fuerit,
563 434 605 451 dum
620 438 680 451 tamen
695 434 755 457 aliquo
773 434 943 457 impedimentorum
960 435 1084 457 predictorum
1100 441 1137 452 nou

205 469 260 485 fuerit
269 468 374 491 impeditus.
385 469 411 485 De
425 468 506 491 regentia
516 474 560 486 vero
572 472 667 491 antequam
678 468 787 489 admittatur,
798 468 897 485 fidemfl,m
908 468 973 489 iterim,
983 471 1001 485 et
1008 474 1072 491 penam
1081 468 1137 485 obsti-

206 505 247 518 nato
263 502 323 518 animo
340 501 446 524 prelibatam
462 502 553 525 elegerint
566 502 657 518 sustinere
675 502 754 524 quinque
771 501 802 518 alii
818 507 851 524 per
865 501 923 518 dietas
937 501 1018 524 quinque
1034 502 1137 524 provincias

205 538 327 555 assumentur,
348 535 415 558 quibus
435 535 529 552 incumbet
548 535 648 552 necessitas
668 534 810 552 controversiam
831 540 887 557 super
905 534 953 551 dicta
971 534 1073 551 assertione
1091 535 1137 551 infra

206 568 280 585 biduum
291 569 338 586 sicut
347 569 399 591 prius
408 568 443 586 sub
451 574 497 592 pena
507 568 598 586 consimili
611 568 726 589 terminandi,
737 574 756 585 ac
767 568 839 585 interim
849 568 926 585 durante
935 570 1018 590 tempore
1029 567 1067 584 litis
1077 574 1136 584 coram

205 601 285 624 quinque
296 602 387 625 deputatis
396 602 484 625 predictis
494 607 550 625 super
560 607 592 619 sua
602 608 639 619 non
649 601 735 619 citatione
744 601 831 624 magister
842 601 912 618 electus
922 601 944 617 ad
955 600 1033 617 officium
1044 601 1062 617 in
1073 601 1136 618 eodem

206 634 279 657 pacifice
294 635 395 652 remanebit
409 638 427 652 et
440 635 463 652 ad
477 635 537 658 ipsum
553 635 592 652 sine
605 635 756 652 contradictionis
773 634 867 652 obstaculo
883 637 989 657 exequetur⁴
1000 634 1026 650 Ac
1041 634 1134 656 predictus

205 667 262 684 falsus
279 670 360 684 assertor
379 667 468 690 plectetur
485 671 502 684 et
519 668 605 691 punietur
624 668 725 691 privatione
742 671 761 684 et
776 668 855 685 carentia
872 667 953 684 omnium
972 667 1103 684 beneficiorum
1120 670 1138 684 et

206 700 295 717 honorum
311 700 390 717 nationis
406 700 489 723 predicte
502 706 535 723 per
550 700 626 718 annuale
642 700 729 724 spacium,
744 704 762 718 et
775 701 795 718 in
809 704 846 718 toto
861 707 908 718 anno
923 700 1030 724 privationis
1044 700 1061 717 in
1076 701 1137 723 eujus-

205 739 277 756 cunque
291 733 374 750 officialis
390 733 479 750 electione
493 739 556 750 vocem
572 734 649 756 aliquam
664 739 701 751 non
714 733 796 755 habebit,
810 740 843 751 nec
859 738 917 751 actum
932 734 1008 757 regendi
1024 740 1055 757 per
1070 734 1137 751 dictum

205 766 286 790 spacium
297 766 395 784 exercebit.
409 767 431 783 Et
443 772 466 784 ne
478 766 586 784 electionem
599 767 677 789 predicti
688 767 771 790 magistri
783 767 848 784 callida
858 767 994 790 malignantium
1006 767 1138 784 machinatione

205 800 299 823 contingat
312 800 427 823 aliquatenus
442 800 533 823 impediri,
547 800 681 823 superaddimus
696 800 798 823 prelibatis,
810 800 860 823 quod
874 800 890 817 si
905 800 927 817 de
942 800 1046 823 deputando
1058 801 1137 823 aliquem

205 833 311 856 magistrum
325 833 348 850 ad
363 833 462 856 predictam
476 833 526 850 litem
543 833 662 850 dirimendam
677 832 696 849 in
712 833 772 856 aliqua
789 833 877 850 dictarum
894 834 1027 856 provinciarum
1045 834 1137 851 contentio

205 866 279 887 oriatur=
295 866 344 889 quod
358 866 426 883 missus
439 870 457 883 et
470 866 539 883 electus
554 865 629 883 firmiter
643 866 731 883 habeatur
742 872 752 883 a
765 867 828 889 majori
844 870 894 889 parte
907 867 1001 889 provincie
1016 867 1138 884 discordantis

206 903 288 922 tanquam
306 906 314 916 a
332 903 368 916 tom
385 900 478 922 provincia
495 903 513 916 et
527 905 536 916 a
554 899 633 922 singulis
651 899 733 922 ejusdem
751 900 844 922 provincie
864 900 925 917 missis
942 903 960 917 et
977 900 1046 917 electus
1062 900 1138 917 firmiter

206 932 299 954 habeatur,
313 936 333 950 et
345 933 410 950 dictam
424 933 473 950 litem
488 932 573 950 dirimere
586 933 645 950 valeat
657 938 693 949 una
706 939 746 949 cum
761 933 852 956 deputatis
863 939 873 949 a
887 936 963 956 quatuor
977 933 1017 950 aliis
1031 933 1137 956 provinciis,

207 972 242 989 que
251 969 383 983 consenserant
397 966 416 983 in
431 966 525 983 mittendo.
543 967 564 983 Et
579 966 593 983 si
608 969 655 983 tanta
668 966 686 983 in
702 966 761 989 aliqua
773 966 861 983 dictarum
875 966 1010 989 provinciarum
1022 966 1139 989 pullulaverit

206 999 336 1020 controversia,
347 999 397 1022 quod
405 1005 439 1016 nec
450 999 489 1022 ipsa
498 1003 542 1021 tota,
552 1005 586 1016 nec
596 999 614 1016 in
624 999 688 1021 majon'
699 1000 728 1016 sui
739 1002 790 1022 parte
799 999 819 1016 in
829 999 931 1022 deputando
942 999 1020 1022 aliquem
1031 1000 1137 1022 magistrum

202 1032 309 1049 ⁴consentire
319 1032 405 1055 potuerit,
414 1038 424 1049 a
431 1035 509 1056 quatuor
519 1032 559 1049 aliis
569 1032 669 1055 provinciis
679 1032 760 1055 deputati
769 1033 862 1055 negotium
873 1033 895 1049 ad
905 1032 955 1055 quod
965 1032 1053 1055 assumpti
1063 1033 1136 1054 fuerint‚

206 1065 308 1088 specialiter
318 1065 447 1082 terminabunt*
461 1066 484 1082 Et
492 1065 508 1082 si
518 1065 585 1082 nedum
598 1071 634 1082 una
646 1065 745 1088 provincia,
756 1071 819 1082 verum
829 1069 853 1086 et=
863 1065 913 1088 quod
923 1065 976 1086 absit,
987 1065 1022 1082 due
1033 1065 1061 1083 vel
1072 1069 1109 1082 tres
1118 1066 1137 1082 in

205 1104 238 1115 sua
248 1098 334 1115 totalitate
344 1098 472 1121 magistrorum
483 1104 516 1115 seu
525 1098 545 1115 in
555 1098 618 1120 majori
629 1102 679 1121 parte
689 1098 790 1115 eorundem
800 1098 818 1115 iu
828 1101 868 1115 actu
879 1098 978 1121 deputandi
988 1098 1065 1121 aliquem
1075 1099 1137 1121 nequi-

205 1132 265 1149 verint
273 1131 391 1153 concordare,
404 1131 439 1148 alie
453 1131 546 1154 provincie
559 1131 661 1148 concordes
675 1137 707 1154 per
717 1137 761 1148 suos
771 1131 866 1154 deputatos
880 1131 966 1148 dirimere
976 1135 1062 1154 poterunt
1072 1132 1137 1149 dietam

206 1165 261 1182 litem⁴

250 1199 301 1219 Item,
315 1198 411 1215 statuimus
425 1198 474 1221 quod
488 1204 510 1215 ex
522 1198 554 1215 hac
564 1198 608 1215 hora
617 1198 637 1215 in
647 1201 699 1215 antea
708 1204 741 1221 per
754 1198 834 1221 quinque
847 1198 950 1221 provincias
962 1198 1075 1220 supradictas
1084 1199 1137 1215 assu—

207 1235 264 1248 matur
274 1235 292 1249 et
301 1230 379 1255 eligatur
389 1237 436 1249 unus
447 1232 533 1255 magister
543 1232 590 1249 inter
600 1237 634 1248 nos
644 1235 683 1248 actu
696 1237 762 1254 regens
771 1231 849 1254 alicujus
861 1231 942 1254 quinque
952 1231 1084 1254 provinciarum
1096 1237 1136 1254 pre-

206 1264 300 1286 dictarum³
311 1264 335 1281 ita
345 1264 394 1287 quod
404 1265 461 1288 prima
470 1265 511 1282 vice
521 1270 554 1288 qua
565 1264 656 1282 creabitur
664 1270 723 1282 novus
731 1268 790 1282 rector
798 1264 931 1284 Universitatis,
941 1267 1043 1281 assumatur
1050 1264 1137 1287 magister

207 1299 298 1322 predictus
311 1299 334 1316 de
347 1300 440 1322 provincia
454 1300 562 1321 Parisiensi3
578 1300 658 1317 secunda
672 1300 711 1317 vice
726 1300 748 1317 de
762 1300 872 1320 Senonensi3
889 1300 940 1316 tertia
953 1300 993 1317 vice
1007 1300 1029 1316 de
1042 1300 1135 1320 Remensi;

205 1336 267 1355 quarta
277 1333 299 1349 de
312 1333 423 1354 Turonensi,
436 1336 455 1350 et
467 1333 528 1355 quinta
543 1333 582 1350 vice
596 1333 618 1350 <le
633 1333 748 1354 Bhuricensi,
763 1336 781 1350 et
794 1333 820 1350 sic
833 1333 920 1356 deinceps
933 1339 965 1356 per
978 1333 1060 1350 ordinem
1073 1339 1136 1356 supra-

205 1366 272 1384 dictum
282 1366 301 1383 in
311 1362 426 1389 perpetuum-
436 1366 472 1388 Qui
482 1366 554 1389 quidem
566 1366 652 1390 magister
662 1371 766 1390 assumptus
775 1369 858 1390 tanquam
869 1361 976 1390 procurator
985 1367 1065 1384 nationis
1074 1367 1136 1384 nostre

205 1403 223 1416 et
233 1400 305 1416 nomine
315 1399 374 1422 ipsius
384 1400 463 1416 nationis
476 1400 494 1416 in
507 1400 597 1416 electione
608 1400 651 1416 dicti
661 1400 737 1416 rectoris
750 1405 813 1417 vocem
826 1400 895 1420 habeat,
903 1400 937 1422 vqui
947 1393 981 1423 pro
990 1403 1073 1423 tempore
1082 1400 1137 1418 fuerit

205 1432 308 1456 eligendus,
319 1436 337 1449 et
347 1432 414 1449 dictum
425 1435 514 1449 rectorem
525 1432 607 1455 eligendi
616 1438 651 1449 una
662 1438 702 1449 cum
715 1433 864 1456 procuratoribus
874 1432 949 1449 aliarum
959 1433 1052 1450 nationum
1065 1433 1134 1456 plenam

206 1469 223 1482 et
233 1465 308 1483 liberam
316 1469 436 1488 potestatem,
448 1466 471 1482 ita
484 1469 544 1482 tamen
557 1465 607 1488 quod
619 1465 635 1482 si
647 1465 670 1482 de
685 1466 785 1489 provincia,
796 1466 818 1483 ad
828 1472 882 1489 quam
894 1464 983 1489 spectabit
998 1459 1065 1483 dictum
1073 1460 1136 1489 *magi-
