1308 1835
155 211 189 229 444
445 217 603 230 cunn’rummun
619 218 714 230 univers.
732 219 796 230 vauls.
1039 212 1089 231 [1335

156 254 244 276 districte,
256 258 275 271 ut
288 254 405 278 premittitur,
418 254 486 272 ibidem
498 260 581 272 essemus
593 254 658 276 vocati,
670 255 766 278 positoque
782 261 815 278 per
828 256 907 272 eundem
921 255 940 272 in
957 255 1089 272 deliberatione

157 292 225 309 nostra,
235 293 258 305 an
265 287 346 311 placeret
355 288 409 305 nobis
419 291 498 305 statuere
511 293 567 311 super
577 288 661 311 regentia
673 288 801 311 magistrorum
815 291 878 305 nostre
888 288 973 309 nationis=
983 289 1012 305 vel
1024 292 1089 306 statuta

157 327 190 339 seu
205 324 291 338 statutum
305 322 322 338 si
336 327 371 344 que
386 324 449 338 essent
461 327 517 344 super
528 321 604 338 eandem
615 322 662 338 sacta
673 321 702 338 vel
716 322 763 338 edita
777 322 878 342 destruere=
892 321 966 342 addere,
978 322 1088 342 diminuere,

157 354 264 371 confirmare
276 354 305 372 vel
318 355 419 376 moderare,
434 354 532 376 declarare,
545 355 637 376 ordinare,
650 355 679 372 vel
693 355 744 372 etiam
756 355 849 378 corrigere
859 360 892 371 seu
905 355 990 371 ordinare
1000 361 1003 371 :
1012 360 1048 377 quo
1063 354 1089 371 sic

157 388 217 410 posito
230 387 259 405 vel
271 388 336 410 positis
347 387 364 404 in
377 387 508 405 deliberatione
523 391 591 408 nostra,
605 388 686 405 unanimi
699 393 790 405 consensu
804 388 884 405 omnium
897 387 948 404 nullo
962 388 1035 410 penitus
1051 387 1089 404 dis-

156 424 241 444 crepante
253 426 286 438 seu
298 421 414 442 reclamante,
428 421 487 444 primo
502 427 535 444 per
546 421 594 438 viam
609 421 627 438 S.
641 421 720 444 Spiritus
733 426 797 438 omnes
811 421 829 438 in
841 427 896 438 unum
910 421 1046 438 consentientes
1059 420 1089 438 vel

156 453 288 471 concordantes
302 454 435 476 concessimus⁷
450 454 542 472 voluimus
558 461 578 472 ac
591 454 642 472 etiam
657 453 798 471 deliberavimus
811 454 829 471 in
843 454 890 471 hunc
906 454 986 475 modum,
1003 453 1090 471 videlicet

156 487 205 510 quod
214 487 265 505 viros
274 487 390 505 venerabiles
404 491 422 505 et
434 487 524 505 discretos
537 487 641 511 magistros,
653 487 754 504 Johannem
764 487 832 504 (ΓιοιϊεΔ
844 487 866 503 de
878 487 971 510 provincia
982 487 1088 507 Parisiensi,

156 520 271 538 Lambertum
284 521 306 538 de
317 521 442 538 Summavera‘
453 520 476 538 de
487 521 580 544 provincia
594 520 703 541 Senonensi,
714 520 822 537 Richardum
833 520 855 537 de
866 520 950 537 Billiaeo·
962 521 983 537 de
995 520 1089 544 provincia

157 554 248 575 Hennensi,
261 554 339 571 Alanum
351 554 374 571 de
387 553 499 571 Villacollis⁷
511 553 534 570 de
545 553 638 577 provincia
651 554 720 570 Turon.
731 557 749 570 et
758 553 859 571 Gerardum
872 553 995 576 Lashoegas‘,
1010 553 1055 570 alias
1065 553 1089 570 de

156 586 242 604 Alvernia
252 587 274 604 de
283 586 375 610 provincia
385 586 502 607 Bituricensi,
514 586 560 604 istos
572 592 635 604 omnes
647 586 780 609 deputavimus,
793 589 812 603 et
821 586 848 604 eis
857 586 943 603 omnibus
953 586 1029 603 insimul
1040 592 1089 603 com-

156 620 239 637 misimus
257 620 289 641 (sic
303 619 353 643 quod
370 625 407 636 uno
421 619 497 637 istorum
515 619 649 637 contradicente
668 619 698 636 vel
717 619 825 637 reclamante
842 619 872 636 alii
884 625 948 636 omnes
959 619 1016 636 nichil
1029 620 1089 637 facere

156 653 234 675 possint³
249 655 267 670 et
280 653 333 670 etiam
347 652 444 675 ordinare),
459 652 523 670 damus
536 659 556 670 ac
570 653 654 670 dedimus
666 652 735 670 eisdem
749 652 841 676 magistris
853 652 939 676 superius
949 653 1055 674 nominatis,
1067 656 1089 670 ut

156 686 272 709 premittitur,
285 691 343 709 usque
358 686 380 703 ad
394 689 436 703 octo
449 686 489 703 dies
506 686 620 703 solummodo
635 686 756 709 computando
766 692 776 703 a
788 686 817 703 die
831 686 879 703 dicte
888 686 996 707 vocationis,
1008 686 1088 709 plenam„

156 719 232 736 liberam
248 722 266 736 et
279 719 380 736 absolutam
395 722 509 742 potestatem,
522 720 653 740 auctoritatem,
668 723 687 736 et
698 720 800 736 mandatum
814 719 892 742 speciale
904 719 925 736 de
938 725 986 736 novo
998 719 1089 736 statuendi

156 758 212 775 super
224 752 306 775 regentia
319 752 447 775 magistrorum
462 753 510 770 dicte
527 756 589 769 nostre
602 752 687 774 nationis,
701 752 730 770 vel
745 756 810 770 statum
822 758 854 769 seu
866 756 938 773 statuta=
953 756 983 769 aut
998 752 1089 769 clausulas

156 785 175 802 in
185 785 254 802 eisdem
267 789 361 802 centenus
371 786 482 803 mentionem
496 786 600 809 generalem
616 785 645 803 vel
659 785 755 809 specialem
770 786 793 803 de
808 786 889 809 regentia
904 785 984 808 predicta
1002 786 1089 803 facientes

157 819 263 836 destruendi
276 819 350 841 penitus
363 822 381 836 et
394 819 474 836 totaliter
485 818 614 840 adnichilandi,
630 819 750 842 approbandi,
763 819 889 839 confirmandi,
904 819 1018 840 moderandi,
1029 819 1089 836 decla-

157 852 214 873 randi,
226 852 338 875 corrigendi,
348 852 434 873 addendi,
445 852 565 873 diminuendi,
576 852 679 873 ordinandi,
690 852 816 875 dispensandi,
828 855 846 869 et
857 855 917 869 cetera
931 852 991 869 omnia
1003 852 1089 873 faciendi,

158 891 193 908 que
206 888 243 902 tota
257 888 319 902 nostra
330 885 379 902 natio
393 885 467 906 faceret,
478 891 511 902 seu
521 885 539 902 in
549 885 616 902 talibus
630 888 648 902 et
663 885 754 902 similibus
768 885 827 902 facere
841 888 909 908 posset,
923 888 981 902 ratum
992 888 1008 902 et
1018 888 1089 908 gratum

157 922 245 941 perpetuo
258 918 277 935 in
289 921 375 935 statutum
389 924 421 935 seu
436 918 454 935 in
468 918 542 935 modum
562 918 622 935 statuti
643 918 788 935 irrevocabiliter
806 918 900 939 hahentes,
917 918 1040 941 quodcunque
1057 924 1090 941 per

158 951 216 968 dictos
229 951 326 974 magistros
336 951 422 974 superius
432 952 535 969 nominatos
544 955 603 968 actum
614 955 632 968 et
641 955 712 974 gestum
723 951 778 968 fuerit
787 957 819 968 seu
830 951 882 968 etiam
893 951 1002 968 ordinatum*

202 984 273 1007 Quibus
283 985 310 1002 sic
323 984 375 1001 factis
388 990 408 1001 ac
421 984 534 1006 deliberans,
546 986 600 1005 [cum]
609 985 674 1007 prefati
684 984 766 1007 magistri
776 984 798 1001 ad
808 984 841 1001 hec
851 984 954 1007 specialiter
965 984 1045 1007 depumti
1055 990 1089 1007 per

158 1018 259 1041 predictum
268 1021 405 1040 procuratorem
418 1021 501 1034 nostrum
513 1017 583 1040 pluries
594 1020 610 1034 et
620 1023 653 1040 per
665 1017 726 1034 debita
734 1017 829 1034 intervalla
839 1018 857 1034 in
867 1018 913 1034 locis
925 1018 980 1034 certis
991 1017 1013 1034 ad
1023 1017 1087 1040 hujus-

158 1051 207 1068 modi
218 1051 290 1074 negotia
299 1051 328 1069 vel
342 1051 441 1068 deliberata
452 1051 484 1068 fini
498 1054 516 1068 et
525 1051 628 1068 executioni
640 1051 763 1068 demandanda
774 1051 803 1068 vel
814 1051 926 1068 terminanda
935 1051 994 1068 vocati
1003 1051 1088 1072 fuissent,

158 1088 176 1101 et
189 1084 304 1108 postmodum
318 1084 392 1101 insimul
406 1084 512 1107 congregati
525 1084 579 1107 longa
590 1087 607 1101 et
617 1084 693 1107 provida
706 1084 753 1101 inter
764 1090 797 1101 eos
809 1084 941 1101 deliberatione
953 1084 1013 1101 habita
1024 1087 1089 1101 statum

158 1121 220 1135 nostre
231 1117 309 1135 nationis
319 1117 388 1134 diutius
398 1117 506 1134 ruminando
516 1120 535 1134 et
543 1117 643 1140 quemlibet
653 1117 747 1134 articulum
756 1117 846 1134 versando
854 1117 904 1134 velut
913 1117 932 1134 in
942 1121 1007 1134 statera
1018 1123 1090 1140 queque

159 1151 230 1174 singula
245 1151 375 1174 ponderantes,
389 1150 412 1168 de
424 1151 516 1168 communi
530 1156 621 1168 consensu
635 1154 653 1167 et
665 1151 757 1168 voluntate
771 1151 851 1167 omnium
865 1150 946 1173 quinque
960 1150 1089 1173 magistrorum

159 1184 181 1201 ad
196 1184 230 1201 hoc
244 1184 349 1207 specialiter
363 1184 496 1207 deputatorum,
513 1187 531 1201 et
544 1184 650 1201 nominibus
664 1183 731 1207 quibus
747 1189 801 1206 supra
818 1183 869 1200 nullo
886 1183 958 1206 penitus
974 1183 1089 1206 discrepante

159 1217 289 1234 ordinaverunt
298 1221 317 1234 et
326 1220 429 1234 statuerunt
438 1223 459 1234 ea
469 1223 504 1240 que
514 1220 616 1240 sequuntur
627 1222 630 1234 ε

202 1250 293 1267 Videlicet
307 1250 356 1273 quod
372 1250 476 1273 quicunque
490 1250 577 1273 magister
594 1253 656 1267 nestre
670 1250 750 1267 nationis
763 1250 786 1266 ad
800 1253 850 1267 actus
868 1255 973 1267 communes
991 1250 1008 1267 in
1027 1250 1088 1267 eadem

159 1283 216 1300 libere
230 1283 334 1300 admittatur
347 1283 405 1306 prima
417 1283 447 1300 die
460 1289 495 1306 qua
506 1286 586 1308 resumet
598 1286 616 1300 et
625 1283 681 1306 leget,
692 1283 775 1305 etiam[si]
785 1283 808 1300 de
818 1286 867 1300 extra
877 1283 938 1300 villam
947 1284 1026 1305 venerit,
1037 1284 1090 1300 dum-

159 1316 212 1333 modo
225 1316 274 1333 idem
288 1316 376 1339 magister
385 1316 436 1339 juret
449 1316 499 1339 quod
512 1314 601 1333 lectiones
616 1322 659 1333 suas
672 1316 785 1333 continuabit
798 1322 855 1339 usque
866 1316 888 1333 ad
901 1323 981 1333 mensem
996 1320 1043 1339 post,
1054 1317 1090 1333 nisi

158 1349 204 1366 forte
214 1349 296 1372 legitimo
306 1349 437 1372 impedimento
446 1349 502 1366 suerit
511 1349 615 1372 impeditus„
628 1350 737 1372 Legitimum
748 1350 896 1372 impedimentum
908 1349 993 1370 dicimus,
1003 1349 1091 1366 videlicet

159 1383 174 1399 si
184 1383 226 1406 quis
237 1383 320 1400 infirmus
335 1383 390 1399 fuerit
402 1389 478 1406 corpure
492 1382 521 1400 v'el
536 1383 621 1400 detentus
635 1389 714 1405 carcere7
725 1383 754 1400 vel
767 1383 826 1406 ipsum
837 1387 886 1400 extra
899 1383 960 1401 villam
970 1383 1020 1400 exire
1032 1383 1090 1400 conti-

158 1416 212 1440 gerit,
221 1416 251 1433 vel
258 1416 277 1433 in
284 1416 345 1439 aliquo
353 1416 494 1439 principiorum’
505 1416 547 1433 libri
558 1416 697 1437 Sententiarum,
707 1422 742 1439 que
752 1420 772 1433 ut
779 1416 877 1439 plurimuin
887 1416 906 1433 iu
916 1422 970 1439 parvo
979 1416 1089 1433 ordinario¹⁰

159 1449 219 1467 solent
233 1449 328 1471 celebrari,
344 1455 397 1466 causa
412 1449 519 1472 proficiendi
530 1452 548 1466 ut
562 1455 616 1473 supra
630 1449 765 1472 presentialiter
775 1449 851 1470 affuerit,
865 1452 882 1466 et
892 1449 926 1466 boc
938 1452 1001 1472 quater
1011 1449 1029 1466 in
1042 1455 1089 1466 auno

159 1483 181 1500 ad
191 1482 238 1506 plus,
249 1482 278 1499 vel
288 1482 340 1500 etiarn
352 1482 368 1499 si
377 1482 407 1500 his
419 1482 438 1499 in
450 1488 513 1499 mense
525 1482 547 1499 ad
560 1482 601 1505 plus
611 1482 794 1507 determinationibus
804 1486 835 1499 aut
847 1482 941 1505 principiis
952 1482 1061 1500 solennibus
1070 1482 1089 1499 in
