1308 1835
199 212 248 230 1331]
401 218 424 229 AB
441 218 495 230 ,tuno
510 218 628 230 ucctxxxw
647 217 713 232 usquc
730 217 754 228 ΑΙ)
771 216 841 228 Auitum
857 215 929 227 meoet.
1099 212 1131 229 387

198 254 280 276 phisicus
290 254 403 271 Parisienses
415 257 433 271 et
445 254 545 276 quemlihet
555 260 625 275 eorum,
636 254 734 277 magistros
747 254 765 270 in
778 254 825 271 dicta
837 253 921 271 facultate
934 256 1026 276 regentes.
1037 256 1056 269 et
1068 259 1130 270 eorum

198 287 297 309 quemlibet
307 287 428 304 communiter
440 290 458 303 et
472 287 545 304 divisim
556 287 574 303 in
585 290 670 309 quantum
684 287 777 309 negotium
792 287 838 304 infra
852 287 939 310 scriptum
955 286 1012 309 tangit
1026 289 1043 303 et
1056 289 1131 309 tangere

198 323 258 342 potest
267 320 333 336 dictam
344 319 444 337 facultatem
455 320 543 342 ipsosque
554 320 652 342 magistros
662 320 681 336 in
690 320 772 342 generali
784 321 905 337 communiter
916 324 934 338 et
946 320 999 337 etiam
1013 319 1131 343 singulariter

198 356 216 370 et
225 353 304 374 divisim,
316 356 333 370 et
347 356 409 370 contra
423 353 522 375 quamlibet
535 353 634 375 legitimam
646 359 741 376 personam
752 359 784 375 pro
799 353 845 376 ipsis
860 357 877 371 et
887 360 950 371 eorum
962 353 1046 377 quolibet
1054 353 1130 371 interve·

198 386 284 407 nientetn,
296 392 345 407 reos,
353 386 402 408 quod
412 386 504 403 communi
514 386 559 402 usu'
569 389 588 402 et
597 386 639 408 jure
650 392 684 402 suo
694 389 712 402 et
721 386 829 403 cancellarie
839 392 872 403 sue
884 387 966 410 predicte
975 387 998 404 ad
1011 387 1078 404 dictum
1089 393 1130 404 can-

197 419 290 436 cellarium
301 419 371 436 ratione
381 425 414 436 sue
424 419 532 436 cancellarie
542 419 624 442 predicte
634 419 711 442 ejusque
724 419 877 442 predecessorum
892 420 1041 437 cancellariorum
1052 420 1129 437 ecclesie

197 452 306 470 Parisiensis
320 452 368 469 inter
381 455 451 469 ceteras
466 452 525 476 ipsius
539 452 647 470 cancellarie
660 453 785 476 prerogativas
803 453 896 476 pertinuit,
912 454 992 476 pertinet
1007 457 1025 471 et
1042 454 1131 476 pertineat

198 486 240 503 dare
249 489 266 503 et
276 486 377 503 concedere
386 486 405 502 in
416 492 529 509 quacumque
539 486 623 503 facultate
631 486 759 503 Universitatis
768 486 876 503 Parisiensis
884 490 903 503 et
909 486 1013 509 specialiter
1020 487 1039 503 in
1047 487 1130 503 facultate

196 519 286 536 medicine
294 519 378 536 licentias
387 519 504 536 Iicentiandis
513 523 531 536 et
540 519 628 536 hactenus
638 519 736 536 licentiatis
746 519 764 536 in
774 519 857 536 facultate
871 519 958 542 predicta,
972 519 1067 542 possitque
1082 520 1129 536 idem

196 552 316 569 cancellarius
325 559 346 569 ac
355 556 454 575 potuerunt
464 553 503 575 ejus
513 553 656 575 predecessores
666 552 769 569 cancellarii
779 552 898 573 Parisienses,
914 552 992 575 quilibet
1003 558 1035 575 pro
1048 555 1129 575 tempore

196 592 237 607 suo,
244 586 287 603 dare
294 586 386 603 licentiam
394 592 427 603 seu
435 586 524 607 licentias,
531 586 644 603 examinafis'
653 586 737 609 primitus
744 586 837 609 magistris
845 586 893 602 dicte
900 585 991 602 facultatis
998 591 1035 602 non
1044 585 1129 602 omnibus

196 619 307 640 necessarie,
318 619 351 636 sed
361 622 415 643 prout
425 619 484 636 eidem
495 619 603 636 cancellario
614 619 632 636 in
642 619 754 636 conscientia
765 625 797 636 sua
811 622 829 636 et
842 619 942 636 secundum
957 625 996 635 eam
1005 619 1064 635 visum
1074 619 1129 635 fuerit

196 652 225 669 vel
232 652 324 669 videbitur
335 652 427 675 expedire,
436 655 453 669 et
461 652 520 669 habita
531 657 587 676 super
596 652 630 669 hoe
641 652 769 669 informatione
775 653 825 675 juxta
834 656 901 669 motum
909 652 1022 669 conscientie
1030 657 1062 669 sue
1071 651 1130 674 possit

196 685 244 702 idem
255 685 374 702 cancellarius
383 685 426 702 illos
435 685 562 706 licentiandos,
571 691 618 708 quos
626 685 738 709 reputaverit
745 685 822 702 idoneos
833 689 850 702 et
860 685 906 702 bene
916 686 998 706 meritos,
1007 685 1029 702 ad
1039 685 1129 702 licentiam

196 718 290 736 admittere
301 722 319 735 et
329 718 380 742 ipsos
390 718 409 735 in
419 718 466 735 dicta
475 718 559 735 facultate
571 718 672 739 licentiare,
683 718 807 742 indignosque
821 719 911 742 repellere
922 725 931 736 a
942 718 1016 736 licentia
1025 718 1129 735 obtinenda.

241 753 285 769 Item
296 755 314 768 et
323 751 373 774 quod
387 757 451 768 omnes
462 751 543 775 magistri
555 751 683 768 Universitatis
693 751 802 769 Parisiensis
814 755 833 769 et
844 752 947 774 specialiter
960 752 978 769 in
994 752 1077 769 facultate
1089 758 1130 774 pre-

196 785 245 802 dicte
257 785 355 806 medicine,
366 791 406 802 cum
421 788 439 802 et
453 784 526 807 quoties
539 784 558 801 in
571 784 619 801 dicta
628 784 713 801 facultate
727 790 771 801 suas
783 784 867 802 licentias
879 788 1024 808 consequuntur,
1035 785 1098 808 jurant
1114 788 1131 802 et

193 819 256 841 jurare
265 821 401 835 consueverunt
414 821 433 835 et
444 821 531 835 tenentur
540 818 559 834 in
568 818 608 841 ipsa
621 817 694 834 licentia
710 817 809 834 obtinenda
823 823 856 834 seu
870 821 910 835 actu
926 818 1030 835 licentiandi
1045 818 1130 835 articulos

196 851 242 868 infra
253 851 331 874 scriptos
341 857 345 868 2

241 885 263 901 Et
273 885 332 907 primo
343 884 391 907 quod
402 885 420 901 in
431 884 481 901 nullo
496 890 515 901 se
528 884 657 907 obligaverunt
670 884 697 901 vel
711 884 818 907 obligabunt
831 884 880 907 quod
893 884 916 901 sit
926 888 989 901 contra
1003 884 1130 901 cancellarium

196 918 319 934 Parisiensem
328 923 361 940 pro
370 921 459 941 tempore,
468 921 582 941 potestatem,
591 918 676 941 jurisque
686 917 789 934 libertatum
797 921 815 934 et
824 917 962 934 sranchisiarum
973 918 1017 934 dicti
1027 917 1130 934 cancellarii

196 952 274 974 ejusque
284 951 391 968 cancellarie
402 951 483 974 predicte
494 951 631 968 diminutionem
643 954 673 968 aut
683 951 827 974 derogationem„
838 951 868 968 vel
881 951 932 974 quod
943 951 989 968 alias
998 951 1018 968 in
1028 951 1077 974 juris
1089 957 1131 968 can-

196 984 269 1001 cellarie
286 990 319 1001 sue
336 984 457 1007 prejudicium
475 984 540 1001 cedere
555 984 679 1007 dignoscatur,
693 984 780 1007 quodque
792 984 848 1001 nichil
862 984 994 1007 attemptabunt
1004 984 1054 1001 unde
1073 984 1130 1001 libera

197 1020 277 1040 potestas
290 1021 309 1034 et
320 1017 428 1034 examinatio
439 1017 521 1039 ejusdem
534 1017 637 1034 cancellarii
648 1017 787 1040 quomodolibet
797 1017 888 1034 minuatur
898 1017 927 1034 vel
936 1017 990 1034 etiam
1003 1017 1130 1040 restringatur,

196 1050 283 1073 quodque
292 1056 302 1067 a
312 1050 420 1067 bachalariis
430 1050 546 1067 licentiandis
557 1050 660 1067 nullatenus
674 1050 747 1073 exigent
760 1050 885 1073 probationem
898 1050 926 1067 vel
939 1050 1084 1067 informationem
1097 1050 1130 1067 ali-

196 1089 250 1106 quam
259 1083 283 1100 de
293 1086 375 1106 ternpore
384 1083 484 1100 auditionis
495 1083 605 1100 eorumdem.

240 1117 304 1133 Jurant
313 1117 389 1139 insuper
399 1120 416 1133 et
423 1117 486 1139 jurare
496 1116 518 1133 ad
528 1119 589 1133 sancta
597 1116 630 1133 Dei
640 1116 734 1139 evangelia
743 1120 877 1133 consueverunt
884 1117 903 1133 in
911 1116 950 1133 suis
958 1117 1045 1139 predictis
1052 1116 1131 1133 licentiis

196 1150 302 1166 obtinendis
312 1150 361 1172 quod
370 1151 410 1173 jura
419 1149 523 1167 cancellarii
531 1153 549 1166 et
556 1149 663 1166 cancellarie
671 1149 780 1166 Parisiensis
788 1149 890 1173 privilegia=
899 1150 1043 1167 consuetudines
1051 1153 1068 1166 et
1076 1149 1131 1167 liber-

197 1186 242 1200 tates
253 1183 311 1206 ipsius
321 1183 373 1200 illesa
388 1186 406 1200 et
415 1183 477 1200 illesas
492 1182 616 1200 observabunt
628 1183 650 1199 ad
660 1188 792 1205 quemcumque
807 1186 872 1200 statum
888 1183 1000 1204 devenerint,
1014 1189 1047 1199 nec
1060 1183 1097 1200 illis
1111 1189 1130 1200 se

197 1219 290 1239 opponent
305 1222 337 1239 per
347 1222 367 1233 se
376 1216 406 1233 vel
415 1222 447 1239 per
458 1216 512 1233 alium
524 1216 592 1233 directe
603 1216 633 1233 vel
644 1216 739 1237 indirecte,
750 1216 821 1233 occulte
836 1216 866 1233 vel
875 1216 969 1233 manifeste
983 1222 1056 1239 quoquo
1069 1216 1129 1233 modo.

240 1251 304 1266 Jnrant
314 1250 389 1272 insuper
400 1250 484 1272 etjurare
492 1253 627 1267 consueverunt
635 1250 684 1272 qnod
691 1249 766 1266 venient
773 1249 795 1266 ad
803 1249 935 1272 perhibendum
944 1249 999 1266 fidele
1006 1249 1130 1266 testimonium

196 1282 256 1299 eidem
266 1282 375 1300 cancellario
385 1282 408 1300 de
417 1282 526 1299 bachalariis
535 1282 651 1300 licentiandis
661 1282 681 1299 in
690 1282 753 1300 eadem
763 1282 846 1300 facultate
861 1283 1012 1306 quotiescumque
1022 1286 1040 1299 et
1052 1282 1132 1306 quando-

196 1321 274 1339 cumque
285 1322 317 1339 per
326 1315 455 1333 cancellarium
465 1316 594 1337 Parisiensem,
607 1316 639 1339 qui
649 1319 678 1333 est
686 1316 716 1333 vel
726 1316 757 1339 qui
771 1316 806 1333 erit
818 1322 851 1339 pro
865 1319 953 1339 tempore,
963 1315 1030 1333 fuerint
1041 1315 1130 1339 requisiti,

196 1348 265 1371 absque
276 1354 364 1366 annorum
375 1349 493 1366 distinctione
502 1349 531 1365 vel
540 1349 629 1372 temporis
639 1348 746 1366 definitione
756 1348 908 1372 quibuscumque.

242 1383 292 1402 Item,
301 1383 364 1405 jurant
374 1385 392 1399 et
399 1383 461 1405 jurare
471 1385 607 1399 consueverunt
617 1388 690 1399 servare
706 1388 768 1405 pacem
783 1385 802 1399 et
814 1382 962 1405 tranquillitatem
977 1382 996 1399 in
1010 1382 1071 1399 studio
1086 1382 1132 1399 Pari-

197 1415 254 1432 siensi
264 1419 283 1432 et
292 1415 348 1432 studii
359 1415 447 1438 ejusdem>

242 1449 361 1470 Item,jurant
369 1451 387 1465 et
395 1449 454 1470 jurare
462 1451 603 1469 consueverunt,
612 1448 685 1471 quando
693 1448 715 1465 ad
723 1448 807 1465 licentias
814 1451 951 1471 promoventur,
959 1448 1008 1471 quod
1017 1448 1031 1465 si
1040 1448 1134 1471 contingat

198 1487 230 1498 eos
242 1481 259 1498 in
270 1481 317 1498 dicta
327 1481 411 1498 facultate
421 1481 510 1504 incipere,
521 1481 585 1504 legent
594 1481 667 1498 duobus
681 1481 734 1498 annis
747 1481 841 1501 continue,
851 1481 880 1498 vel
894 1481 916 1498 ad
931 1481 991 1498 minus
1005 1487 1016 1497 a
1028 1481 1076 1498 sesto
1085 1481 1132 1497 beati
