1308 1835
164 241 197 260 380
452 247 612 259 cnin’runiuuu
631 247 725 261 umvsns,
742 247 807 258 Panis.
1049 241 1098 260 [1331

165 283 214 300 nium
228 284 351 305 celebrantur,
366 284 449 307 quamvis
463 284 500 301 sint
512 283 547 300 alie
561 283 705 300 consuetudines
720 283 835 300 observantie
851 287 869 300 et
886 283 981 306 privilegia
998 284 1098 300 secundum

165 323 209 339 quas
220 320 238 334 et
247 323 283 339 que
293 317 401 333 examinatio
412 317 474 333 eadem
485 320 504 333 et
512 317 584 333 licentia
595 317 634 333 fieri
645 316 713 334 dehent
723 316 745 333 de
756 316 872 333 studentibus
881 317 900 333 in
910 317 995 334 facultate
1002 317 1082 339 predicta
1094 323 1098 333 z

166 353 225 366 tamen
235 349 313 367 dilectus
325 350 375 367 filius
387 350 501 367 Guillermus
511 350 534 366 de
546 350 630 367 Narbona
643 350 762 367 cancellarius
776 350 858 373 ejusdem
872 350 948 367 ecclesie
959 356 992 373 pro
1003 356 1036 367 suo
1046 350 1098 367 libito

164 383 262 400 voluntatis
272 386 335 400 eontra
346 386 362 400 et
373 386 434 406 preter
447 383 598 405 eonsuetudines,
611 383 736 401 observantias
750 386 767 400 et
780 383 875 406 privilegia
887 386 984 400 memorata
995 383 1097 400 Guidonem

164 416 187 433 de
197 416 279 437 Novaria„
290 416 334 433 alias
346 416 367 433 de
378 416 446 437 Rodes,
456 416 479 433 de
489 422 526 439 quo
536 422 573 434 nou
582 416 677 434 constabat
686 416 764 434 facultati
779 417 848 440 prefate
857 416 907 440 quod
916 416 935 433 in
943 416 1005 433 eadem
1014 416 1098 433 facultate

164 449 265 467 audivisset
274 449 303 467 vel
313 449 390 473 legisset
399 453 418 467 ut
428 449 524 467 tenebatur
533 450 562 467 vel
572 456 604 473 per
614 450 712 473 magistros
719 449 809 467 facultatis
816 450 899 473 ejusdem
906 450 1017 467 examinatus
1025 449 1096 469 suisset.

153 489 266 505 ·quanquam
279 483 331 500 etiarn
345 489 378 506 per
387 486 442 500 totam
452 483 554 500 facultatem
567 483 643 500 eandem
655 489 691 500 non
701 486 751 500 esset
760 483 808 500 dicto
820 483 929 500 cancellario
941 486 1063 506 presentatus,
1076 483 1098 499 ad

164 516 249 538 praticarn
263 516 354 533 facultatis
367 516 449 539 ejusdem
464 516 537 533 admisit
550 516 647 539 ipsumque
660 516 678 532 in
689 516 751 532 eadem
765 516 832 538 pratica
847 516 951 537 licentiavit,
965 516 1008 533 licet
1022 522 1043 533 ex
1057 522 1098 533 con-

164 549 261 566 suetudine
271 553 290 566 et
298 549 414 566 observantia
425 549 513 572 predictis
523 555 543 566 ac
553 555 574 566 ex
588 549 685 572 privilegio
696 549 747 566 sedis
759 549 859 572 apostolice
870 549 944 572 speciali
957 549 1005 566 dicte
1018 549 1098 566 facultati

163 588 253 600 concesso
261 583 324 599 nullus
336 582 401 599 debeat
409 582 490 599 Parisius
498 582 586 605 praticare
596 582 632 599 nisi
642 582 758 605 magistratus
769 582 797 599 vel
806 582 869 599 saltem
876 582 979 599 licentiatus
990 583 1060 603 existat,
1069 586 1099 599 aut

164 622 196 639 per
205 616 312 639 episcopum
322 615 444 632 Parisiensern
455 615 485 638 qui
497 619 525 632 est
534 621 567 638 pro
576 619 659 638 tempore
669 621 711 632 cuni
720 615 798 632 consilio
809 615 872 632 decani
881 615 971 632 facultatis
986 615 1067 638 ejusdem
1081 619 1099 632 et

163 649 240 666 duorum
251 649 379 672 magistrorum
390 652 430 665 actu
441 649 521 665 Parisius
532 649 634 672 regentium
644 649 666 665 ad
677 649 745 672 pratjce
758 649 836 665 officium
848 649 903 665 fuerit
917 648 1044 671 approbatus&
1056 649 1098 665 Pre-

164 682 225 699 inissis
248 682 301 699 etiam
318 682 425 704 adjecerunt
440 682 489 704 quod
503 682 551 699 idem
566 682 686 699 cancellarius
704 682 800 698 Alfonsurn
818 682 841 698 de
858 681 961 705 Portugalia
978 682 1098 699 haccalarium

163 721 222 738 nuper
231 715 356 732 licentiaverat
369 715 387 731 in
401 715 484 732 facultate
499 715 587 738 predicta,
598 715 629 738 qui
639 721 673 732 nee
683 715 744 732 debite
758 715 829 738 legerat
842 721 875 732 seu
891 715 985 732 audiverat
997 721 1030 732 nec
1045 715 1098 732 etiam

163 749 274 766 examinatus
285 754 317 765 seu
328 748 381 765 etiam
391 752 507 771 presentatus
517 748 601 765 extiterat
609 754 642 772 per
650 748 747 772 magistros
755 754 788 765 seu
796 748 898 765 facultatem
905 748 981 765 eandem
990 748 1098 765 cancellario

163 785 269 803 memorato,
280 782 313 799 sed
323 781 347 798 ob
357 782 435 805 perjurii
444 785 513 799 reatum
524 782 546 799 ab
557 788 620 799 eorum
629 782 723 799 consortio
739 781 823 805 repulsus
836 782 895 799 fuerat
908 785 927 798 et
938 782 1025 804 rejectus,
1036 784 1054 798 et
1063 781 1098 798 hoc

163 813 216 830 etiam
227 819 259 836 per
273 813 375 830 facultatem
390 813 466 830 eandem
481 813 607 830 denuntiatum
617 813 676 830 fuerat
685 813 793 830 cancellario
807 816 911 833 memorato,
925 813 1007 835 quinimo
1021 813 1097 829 facultas

163 840 232 867 eadem,
247 852 269 863 ne
286 845 346 863 dictus
363 846 482 863 cancellat-ius
499 846 600 863 licentiaret
618 846 702 867 eundem,
716 846 739 863 ad
755 846 816 863 sedent
834 846 952 869 apostolicam
969 846 1098 869 appellaverat,

163 880 249 902 quodque
259 879 319 896 dictus
333 879 453 896 cancellarius
467 879 565 902 magistros
576 879 665 896 facultatis
679 879 760 902 ejusdem
772 882 806 896 tam
819 885 879 896 coram
890 892 900 896 ,.
914 879 987 896 officiali
999 879 1097 896 Parisiensi

163 919 217 936 quam
226 912 270 930 alibi
280 913 331 930 citari
342 916 360 929 et
372 913 444 935 fatigari
455 916 540 937 procurat
550 916 567 929 et
577 913 619 929 facit
629 913 700 935 aliaque
713 913 816 935 gravamina
830 912 857 929 eis
869 913 924 929 infert
935 912 1047 929 licentiando
1060 916 1098 929 stu-

163 946 227 963 dentes
238 946 313 963 eosdem
323 952 356 969 pro
367 952 401 963 suo
410 946 463 963 libito
472 946 570 963 voluntatis
585 946 602 962 in
614 946 695 968 ejusdem
706 945 795 963 facultatis
807 951 844 962 non
856 946 947 963 modicum
961 946 1097 963 detrimentum.

162 979 239 1001 Propter
249 985 284 1002 que
294 979 347 995 etiam
359 985 392 1001 pro
402 982 452 1001 parte
462 979 552 995 facultatis
562 979 644 1002 ejusdem
654 979 718 995 iterato
731 979 765 995 fuit
776 979 798 995 ad
814 979 876 995 sedem
890 978 997 1001 appellatum
1015 978 1097 1000 eandem,

163 1012 230 1035 quibus
240 1012 394 1035 appellationibus
403 1012 499 1035 vilipensis
508 1012 557 1029 idem
566 1012 686 1029 cancellarius
697 1012 715 1028 in
725 1012 823 1035 magistros
832 1012 922 1029 facultatis
930 1012 1013 1034 ejusdem
1021 1012 1044 1029 de
1051 1012 1098 1029 facto

163 1048 182 1062 et
191 1045 272 1062 indebite
282 1045 475 1062 excommunicationis
486 1045 593 1062 sententiam
605 1045 733 1068 promulgavit,
747 1051 816 1068 eosque
829 1045 847 1062 in
861 1045 977 1062 sermonibus
991 1045 1071 1068 publicis
1081 1048 1099 1062 ct

163 1078 207 1095 alibi
217 1079 383 1096 excommunicatos
398 1078 470 1101 publice
483 1078 572 1095 nuntiavit
587 1081 605 1095 et
617 1078 719 1095 denuntiari
734 1078 825 1096 mandavit
837 1081 856 1095 et
869 1078 912 1095 fecit
925 1078 945 1095 in
957 1078 1039 1101 ipsorum
1052 1078 1099 1095 infa-

164 1112 216 1129 miam
227 1118 264 1129 non
274 1112 364 1129 modicam
374 1115 393 1129 et
401 1118 505 1135 gravamen.
517 1113 592 1135 Propter
602 1118 638 1135 que
648 1112 730 1135 magistri
743 1112 832 1129 facultatis
845 1112 927 1135 ejusdem
939 1118 949 1129 a
957 1111 1027 1129 lectura
1039 1112 1098 1135 ipsius

162 1145 252 1162 facultatis
267 1151 276 1162 a
290 1145 338 1162 festo
348 1145 450 1162 Nativitatis
460 1145 533 1162 Domini
544 1145 587 1162 citra
600 1148 618 1162 et
632 1148 673 1162 ante
687 1151 760 1162 cessare
774 1145 847 1168 penitus
863 1148 905 1162 sunt
918 1145 975 1162 coacti
989 1145 1009 1161 in
1022 1150 1098 1162 enerva-

163 1178 231 1195 tionem
242 1181 260 1195 et
274 1178 391 1201 dispendium
401 1178 491 1195 facultatis
505 1178 592 1201 predicte.
609 1178 668 1200 Quare
683 1184 715 1201 pro
730 1182 779 1201 parte
794 1178 883 1195 dicturum
898 1178 1026 1201 magistrorum
1040 1178 1074 1195 fuit
1089 1184 1099 1195 a

164 1211 217 1228 nobis
232 1217 273 1228 cum
285 1212 371 1228 instantia
385 1211 495 1234 postulatum
510 1214 530 1228 ut
544 1217 616 1228 eausam
631 1217 664 1228 seu
678 1217 742 1228 causas
755 1211 861 1233 hujusmodi
875 1211 960 1228 discretis
975 1211 1067 1234 aliquibus
1079 1211 1098 1228 in

164 1244 245 1267 partibus
255 1244 357 1261 audiendas
367 1247 384 1261 et
395 1244 505 1261 decidendas
522 1250 562 1261 cum
576 1247 665 1267 potestate
677 1244 785 1261 absolvendi
798 1244 871 1261 eosdem
883 1244 981 1267 magistros
991 1248 1009 1261 et
1017 1244 1098 1261 scolares

163 1277 253 1294 facultatis
266 1277 349 1300 ejusdem
360 1283 368 1294 a
378 1277 493 1300 quibuslibet
505 1277 698 1294 &communicationis
710 1277 806 1294 sententiis
817 1277 835 1294 in
845 1283 877 1294 eos
888 1283 920 1300 per
929 1277 997 1294 dictum
1010 1277 1099 1294 cancella-

165 1312 211 1328 rium
221 1311 342 1334 promulgatis
353 1311 466 1328 committere
476 1311 600 1334 dignaremur.

209 1345 235 1361 Ex
249 1348 299 1367 parte
312 1350 357 1361 vero
371 1344 453 1367 ejusdem
467 1344 564 1361 Guillermi
578 1344 680 1362 cancellarii
694 1345 729 1361 fuit
737 1351 759 1361 ex
768 1345 846 1362 adverso
859 1351 967 1368 responsum
981 1345 1030 1368 quod
1044 1345 1099 1368 Regi-

165 1378 230 1395 naldus
240 1377 263 1395 de
273 1378 395 1395 Cornumare¹
405 1378 528 1399 Normandus,
539 1377 631 1395 Johannes
641 1378 691 1401 Pipa,
702 1378 809 1401 Rodulphus
819 1379 882 1400 Picon,
892 1378 992 1402 Phylippus
1003 1379 1025 1395 de
1036 1378 1098 1400 Curia,

164 1412 229 1429 Petrus
241 1411 265 1428 de
277 1411 370 1432 Alvernia,
384 1411 486 1434 Stephanus
504 1412 527 1428 de
541 1411 666 1433 Calvomonte,
681 1412 784 1435 Stephanus
796 1412 819 1429 de
831 1412 935 1435 Nongento‚
946 1412 1004 1435 Aymo
1020 1412 1043 1428 de
1056 1412 1099 1429 Ful-

164 1445 228 1468 geriis¹
242 1445 335 1462 «lohannes
351 1445 373 1462 de
390 1445 429 1466 Dia,
447 1445 516 1466 clerici,
534 1445 647 1462 medicinalis
665 1445 741 1462 scientie
757 1445 873 1468 professores
889 1451 929 1462 cuni
947 1445 1041 1462 nonnullis
1058 1445 1099 1462 aliis

165 1478 302 1501 professoribus
311 1478 402 1495 facultatis
413 1478 494 1501 ejusdem
506 1478 586 1495 Pan-isius
596 1481 730 1495 commorantes
740 1481 801 1495 eontra
812 1478 909 1501 privilegia
918 1478 1017 1501 apostolica
1028 1478 1099 1495 cancel-

164 1512 209 1529 lario
219 1512 298 1529 ecclesie
308 1512 406 1529 Parisiens
416 1512 448 1535 qui
458 1515 486 1529 est
493 1517 526 1534 pro
537 1515 618 1534 tempore
630 1517 717 1528 concessa
728 1514 745 1528 et
755 1511 898 1528 consuetudines
908 1511 977 1528 diutius
985 1511 1098 1533 observatas,
