<?xml version="1.0" encoding="UTF-8"?>
<!DOCTYPE html PUBLIC "-//W3C//DTD XHTML 1.0 Transitional//EN"
    "http://www.w3.org/TR/xhtml1/DTD/xhtml1-transitional.dtd">
<html xmlns="http://www.w3.org/1999/xhtml" xml:lang="en" lang="en">
 <head>
  <title>
</title>
<meta http-equiv="Content-Type" content="text/html;charset=utf-8" />
  <meta name='ocr-system' content='tesseract 3.04.00' />
  <meta name='ocr-capabilities' content='ocr_page ocr_carea ocr_par ocr_line ocrx_word'/>
</head>
<body>
  <div class='ocr_page' id='page_1' title='image "./chartulariumuni02mogoog_0582.png"; bbox 0 0 1308 1835; ppageno 0'>
   <div class='ocr_carea' id='block_1_1' title="bbox 216 202 1146 224">
    <p class='ocr_par' dir='ltr' id='par_1_1' title="bbox 216 202 1146 224">
     <span class='ocr_line' id='line_1_1' title="bbox 216 202 1146 224; baseline -0.001 -5"><span class='ocrx_word' id='word_1_1' title='bbox 216 202 265 221; x_wconf 81' lang='lat'>1344]</span> <span class='ocrx_word' id='word_1_2' title='bbox 417 209 441 220; x_wconf 71' lang='grc' dir='ltr'>ΑΒ</span> <span class='ocrx_word' id='word_1_3' title='bbox 457 209 511 220; x_wconf 67' lang='lat' dir='ltr'>nmo</span> <span class='ocrx_word' id='word_1_4' title='bbox 527 209 644 221; x_wconf 68' lang='lat' dir='ltr'>uccnxxxw</span> <span class='ocrx_word' id='word_1_5' title='bbox 663 209 729 224; x_wconf 68' lang='lat' dir='ltr'>usque</span> <span class='ocrx_word' id='word_1_6' title='bbox 745 208 769 220; x_wconf 75' lang='lat' dir='ltr'>,m</span> <span class='ocrx_word' id='word_1_7' title='bbox 786 208 855 219; x_wconf 66' lang='lat' dir='ltr'>Annum</span> <span class='ocrx_word' id='word_1_8' title='bbox 873 207 943 219; x_wconf 67' lang='lat' dir='ltr'>neuen.</span> <span class='ocrx_word' id='word_1_9' title='bbox 1114 206 1146 222; x_wconf 83' lang='lat'>555</span> 
     </span>
    </p>
   </div>
   <div class='ocr_carea' id='block_1_2' title="bbox 199 244 1154 1496">
    <p class='ocr_par' dir='ltr' id='par_1_2' title="bbox 214 244 1146 328">
     <span class='ocr_line' id='line_1_2' title="bbox 260 244 1146 269; baseline 0.001 -8"><span class='ocrx_word' id='word_1_10' title='bbox 260 245 334 267; x_wconf 71' lang='lat' dir='ltr'>Quarto,</span> <span class='ocrx_word' id='word_1_11' title='bbox 346 245 361 262; x_wconf 85' lang='lat' dir='ltr'>si</span> <span class='ocrx_word' id='word_1_12' title='bbox 374 245 443 262; x_wconf 84' lang='lat' dir='ltr'>electus</span> <span class='ocrx_word' id='word_1_13' title='bbox 457 245 476 262; x_wconf 89' lang='lat' dir='ltr'>in</span> <span class='ocrx_word' id='word_1_14' title='bbox 489 245 595 268; x_wconf 74' lang='lat' dir='ltr'>magistrum</span> <span class='ocrx_word' id='word_1_15' title='bbox 611 245 723 262; x_wconf 74' lang='lat' dir='ltr'>studentium</span> <span class='ocrx_word' id='word_1_16' title='bbox 735 245 816 262; x_wconf 85' lang='lat' dir='ltr'>noluerit</span> <span class='ocrx_word' id='word_1_17' title='bbox 826 245 889 262; x_wconf 76' lang='lat' dir='ltr'>saetam</span> <span class='ocrx_word' id='word_1_18' title='bbox 899 245 921 262; x_wconf 72' lang='lat' dir='ltr'>de</span> <span class='ocrx_word' id='word_1_19' title='bbox 932 251 953 261; x_wconf 84' lang='lat' dir='ltr'>eo</span> <span class='ocrx_word' id='word_1_20' title='bbox 964 244 1071 262; x_wconf 73' lang='lat' dir='ltr'>electionem</span> <span class='ocrx_word' id='word_1_21' title='bbox 1084 251 1146 269; x_wconf 79' lang='lat' dir='ltr'>accep-</span> 
     </span>
     <span class='ocr_line' id='line_1_3' title="bbox 214 278 1145 302; baseline 0.001 -8"><span class='ocrx_word' id='word_1_22' title='bbox 214 281 260 299; x_wconf 69' lang='lat' dir='ltr'>tare,</span> <span class='ocrx_word' id='word_1_23' title='bbox 274 284 311 295; x_wconf 85' lang='lat' dir='ltr'>non</span> <span class='ocrx_word' id='word_1_24' title='bbox 326 284 398 295; x_wconf 76' lang='lat' dir='ltr'>causam</span> <span class='ocrx_word' id='word_1_25' title='bbox 413 278 523 301; x_wconf 77' lang='lat' dir='ltr'>assignando</span> <span class='ocrx_word' id='word_1_26' title='bbox 536 278 663 299; x_wconf 67' lang='lat' dir='ltr'>sufficientem,</span> <span class='ocrx_word' id='word_1_27' title='bbox 677 284 733 301; x_wconf 85' lang='lat' dir='ltr'>super</span> <span class='ocrx_word' id='word_1_28' title='bbox 742 284 778 301; x_wconf 85' lang='lat' dir='ltr'>quo</span> <span class='ocrx_word' id='word_1_29' title='bbox 789 278 820 295; x_wconf 89' lang='lat' dir='ltr'>det</span> <span class='ocrx_word' id='word_1_30' title='bbox 829 279 880 302; x_wconf 82' lang='lat' dir='ltr'>prior</span> <span class='ocrx_word' id='word_1_31' title='bbox 891 281 969 301; x_wconf 83' lang='lat' dir='ltr'>quatuor</span> <span class='ocrx_word' id='word_1_32' title='bbox 980 278 1082 302; x_wconf 73' lang='lat' dir='ltr'>deputatos,</span> <span class='ocrx_word' id='word_1_33' title='bbox 1093 284 1145 295; x_wconf 82' lang='lat' dir='ltr'>unam</span> 
     </span>
     <span class='ocr_line' id='line_1_4' title="bbox 214 310 468 328; baseline -0.004 0"><span class='ocrx_word' id='word_1_34' title='bbox 214 310 288 328; x_wconf 67' lang='lat' dir='ltr'>bursam</span> <span class='ocrx_word' id='word_1_35' title='bbox 298 311 370 328; x_wconf 63' lang='lat' dir='ltr'><strong>SOIVQI&#39;B</strong></span> <span class='ocrx_word' id='word_1_36' title='bbox 380 314 468 328; x_wconf 61' lang='grc' dir='ltr'>ἶθὩΘΒῙΠΓ,</span> 
     </span>
    </p>

    <p class='ocr_par' dir='ltr' id='par_1_3' title="bbox 214 344 1146 467">
     <span class='ocr_line' id='line_1_5' title="bbox 260 344 1146 368; baseline 0 -8"><span class='ocrx_word' id='word_1_37' title='bbox 260 344 334 366; x_wconf 69' lang='lat' dir='ltr'>Quinto,</span> <span class='ocrx_word' id='word_1_38' title='bbox 347 344 441 366; x_wconf 80' lang='lat' dir='ltr'>predictus</span> <span class='ocrx_word' id='word_1_39' title='bbox 455 344 542 367; x_wconf 71' lang='lat' dir='ltr'>magister</span> <span class='ocrx_word' id='word_1_40' title='bbox 554 344 667 361; x_wconf 70' lang='lat' dir='ltr'><strong>studentium</strong></span> <span class='ocrx_word' id='word_1_41' title='bbox 680 344 772 361; x_wconf 84' lang='lat' dir='ltr'>tenebitur</span> <span class='ocrx_word' id='word_1_42' title='bbox 786 345 881 368; x_wconf 76' lang='lat' dir='ltr'>assignare</span> <span class='ocrx_word' id='word_1_43' title='bbox 894 345 1009 368; x_wconf 82' lang='lat' dir='ltr'>questionem</span> <span class='ocrx_word' id='word_1_44' title='bbox 1019 344 1119 368; x_wconf 88' lang='lat' dir='ltr'>opponenti</span> <span class='ocrx_word' id='word_1_45' title='bbox 1129 347 1146 361; x_wconf 81' lang='lat' dir='ltr'>st</span> 
     </span>
     <span class='ocr_line' id='line_1_6' title="bbox 215 376 1146 401; baseline 0.001 -7"><span class='ocrx_word' id='word_1_46' title='bbox 215 377 341 400; x_wconf 67' lang='lat' dir='ltr'>respondenti,</span> <span class='ocrx_word' id='word_1_47' title='bbox 347 383 380 400; x_wconf 76' lang='lat' dir='ltr'>per</span> <span class='ocrx_word' id='word_1_48' title='bbox 387 377 491 399; x_wconf 71' lang='lat' dir='ltr'>quindecim</span> <span class='ocrx_word' id='word_1_49' title='bbox 500 377 540 394; x_wconf 77' lang='lat' dir='ltr'>dies</span> <span class='ocrx_word' id='word_1_50' title='bbox 546 380 588 394; x_wconf 84' lang='lat' dir='ltr'>ante</span> <span class='ocrx_word' id='word_1_51' title='bbox 596 376 696 400; x_wconf 74' lang='lat' dir='ltr'>quamlibet</span> <span class='ocrx_word' id='word_1_52' title='bbox 702 377 843 399; x_wconf 76' lang='lat' dir='ltr'>disputationem</span> <span class='ocrx_word' id='word_1_53' title='bbox 850 378 872 394; x_wconf 79' lang='lat' dir='ltr'>ad</span> <span class='ocrx_word' id='word_1_54' title='bbox 879 378 947 399; x_wconf 63' lang='lat' dir='ltr'>minus3</span> <span class='ocrx_word' id='word_1_55' title='bbox 956 378 1005 401; x_wconf 86' lang='lat' dir='ltr'>quod</span> <span class='ocrx_word' id='word_1_56' title='bbox 1011 377 1045 395; x_wconf 84' lang='lat' dir='ltr'>nisi</span> <span class='ocrx_word' id='word_1_57' title='bbox 1052 377 1122 397; x_wconf 72' lang='lat' dir='ltr'>fecerit.</span> <span class='ocrx_word' id='word_1_58' title='bbox 1128 380 1146 394; x_wconf 75' lang='lat' dir='ltr'>et</span> 
     </span>
     <span class='ocr_line' id='line_1_7' title="bbox 215 410 1146 433; baseline 0.001 -6"><span class='ocrx_word' id='word_1_59' title='bbox 215 413 290 433; x_wconf 86' lang='lat' dir='ltr'>propter</span> <span class='ocrx_word' id='word_1_60' title='bbox 300 410 335 427; x_wconf 86' lang='lat' dir='ltr'>hoc</span> <span class='ocrx_word' id='word_1_61' title='bbox 347 410 365 426; x_wconf 90' lang='lat' dir='ltr'>in</span> <span class='ocrx_word' id='word_1_62' title='bbox 378 410 500 433; x_wconf 76' lang='lat' dir='ltr'>disputatione</span> <span class='ocrx_word' id='word_1_63' title='bbox 511 410 593 427; x_wconf 78' lang='lat' dir='ltr'>desectus</span> <span class='ocrx_word' id='word_1_64' title='bbox 603 410 664 431; x_wconf 77' lang='lat' dir='ltr'>suerit,</span> <span class='ocrx_word' id='word_1_65' title='bbox 676 410 763 433; x_wconf 77' lang='lat' dir='ltr'>magister</span> <span class='ocrx_word' id='word_1_66' title='bbox 771 410 883 427; x_wconf 71' lang='lat' dir='ltr'>studentium</span> <span class='ocrx_word' id='word_1_67' title='bbox 890 411 913 427; x_wconf 81' lang='lat' dir='ltr'>ad</span> <span class='ocrx_word' id='word_1_68' title='bbox 920 411 966 428; x_wconf 76' lang='lat' dir='ltr'>duas</span> <span class='ocrx_word' id='word_1_69' title='bbox 974 411 1066 428; x_wconf 84' lang='lat' dir='ltr'>tenebitur</span> <span class='ocrx_word' id='word_1_70' title='bbox 1073 413 1146 433; x_wconf 71' lang='lat' dir='ltr'>quartas</span> 
     </span>
     <span class='ocr_line' id='line_1_8' title="bbox 214 443 1145 467; baseline 0.001 -7"><span class='ocrx_word' id='word_1_71' title='bbox 214 443 252 461; x_wconf 83' lang='lat' dir='ltr'>vini</span> <span class='ocrx_word' id='word_1_72' title='bbox 263 443 333 460; x_wconf 85' lang='lat' dir='ltr'>domus.</span> <span class='ocrx_word' id='word_1_73' title='bbox 345 443 421 460; x_wconf 84' lang='lat' dir='ltr'>Omnem</span> <span class='ocrx_word' id='word_1_74' title='bbox 432 444 557 461; x_wconf 83' lang='lat' dir='ltr'>executionem</span> <span class='ocrx_word' id='word_1_75' title='bbox 568 443 645 460; x_wconf 81' lang='lat' dir='ltr'>fiendam</span> <span class='ocrx_word' id='word_1_76' title='bbox 656 447 719 460; x_wconf 83' lang='lat' dir='ltr'>contra</span> <span class='ocrx_word' id='word_1_77' title='bbox 728 443 834 467; x_wconf 82' lang='lat' dir='ltr'>magistrum</span> <span class='ocrx_word' id='word_1_78' title='bbox 846 443 946 467; x_wconf 86' lang='lat' dir='ltr'>predictum</span> <span class='ocrx_word' id='word_1_79' title='bbox 956 444 1008 461; x_wconf 73' lang='lat' dir='ltr'>faeiat</span> <span class='ocrx_word' id='word_1_80' title='bbox 1016 444 1067 467; x_wconf 87' lang='lat' dir='ltr'>prior</span> <span class='ocrx_word' id='word_1_81' title='bbox 1073 444 1145 461; x_wconf 80' lang='lat' dir='ltr'>domus.</span> 
     </span>
    </p>

    <p class='ocr_par' dir='ltr' id='par_1_4' title="bbox 213 476 1154 766">
     <span class='ocr_line' id='line_1_9' title="bbox 260 476 1146 500; baseline 0.001 -7"><span class='ocrx_word' id='word_1_82' title='bbox 260 477 344 494; x_wconf 74' lang='lat' dir='ltr'>Preterea</span> <span class='ocrx_word' id='word_1_83' title='bbox 361 480 472 498; x_wconf 79' lang='lat' dir='ltr'>statuerunt,</span> <span class='ocrx_word' id='word_1_84' title='bbox 487 477 537 500; x_wconf 84' lang='lat' dir='ltr'>quod</span> <span class='ocrx_word' id='word_1_85' title='bbox 551 477 601 494; x_wconf 87' lang='lat' dir='ltr'>omni</span> <span class='ocrx_word' id='word_1_86' title='bbox 615 477 645 494; x_wconf 87' lang='lat' dir='ltr'>die</span> <span class='ocrx_word' id='word_1_87' title='bbox 660 476 742 494; x_wconf 74' lang='lat' dir='ltr'>sabbathi</span> <span class='ocrx_word' id='word_1_88' title='bbox 757 480 798 500; x_wconf 81' lang='lat' dir='ltr'>pust</span> <span class='ocrx_word' id='word_1_89' title='bbox 813 477 956 494; x_wconf 69' lang='lat' dir='ltr'>decantationem</span> <span class='ocrx_word' id='word_1_90' title='bbox 968 477 1020 494; x_wconf 75' lang='lat' dir='ltr'>Salve</span> <span class='ocrx_word' id='word_1_91' title='bbox 1034 478 1104 500; x_wconf 75' lang='lat' dir='ltr'>regina,</span> <span class='ocrx_word' id='word_1_92' title='bbox 1117 477 1146 494; x_wconf 81' lang='lat' dir='ltr'>vel</span> 
     </span>
     <span class='ocr_line' id='line_1_10' title="bbox 214 510 1146 533; baseline 0 -6"><span class='ocrx_word' id='word_1_93' title='bbox 214 510 290 527; x_wconf 79' lang='lat' dir='ltr'>alterius</span> <span class='ocrx_word' id='word_1_94' title='bbox 300 510 352 533; x_wconf 78' lang='lat' dir='ltr'>juxta</span> <span class='ocrx_word' id='word_1_95' title='bbox 365 513 437 533; x_wconf 86' lang='lat' dir='ltr'>ternpus</span> <span class='ocrx_word' id='word_1_96' title='bbox 451 516 504 527; x_wconf 84' lang='lat' dir='ltr'>suurn</span> <span class='ocrx_word' id='word_1_97' title='bbox 519 510 624 533; x_wconf 80' lang='lat' dir='ltr'>antiphone,</span> <span class='ocrx_word' id='word_1_98' title='bbox 635 513 655 527; x_wconf 86' lang='lat' dir='ltr'>ut</span> <span class='ocrx_word' id='word_1_99' title='bbox 668 514 696 527; x_wconf 75' lang='lat' dir='ltr'>est</span> <span class='ocrx_word' id='word_1_100' title='bbox 707 510 763 527; x_wconf 86' lang='lat' dir='ltr'>moris</span> <span class='ocrx_word' id='word_1_101' title='bbox 777 510 795 527; x_wconf 94' lang='lat' dir='ltr'>in</span> <span class='ocrx_word' id='word_1_102' title='bbox 808 510 868 532; x_wconf 79' lang='lat' dir='ltr'>domo,</span> <span class='ocrx_word' id='word_1_103' title='bbox 879 510 902 527; x_wconf 86' lang='lat' dir='ltr'>de</span> <span class='ocrx_word' id='word_1_104' title='bbox 915 516 963 531; x_wconf 80' lang='lat' dir='ltr'>sero,</span> <span class='ocrx_word' id='word_1_105' title='bbox 977 514 1052 533; x_wconf 75' lang='lat' dir='ltr'>excepto</span> <span class='ocrx_word' id='word_1_106' title='bbox 1065 514 1146 533; x_wconf 83' lang='lat' dir='ltr'>tempore</span> 
     </span>
     <span class='ocr_line' id='line_1_11' title="bbox 215 543 1146 566; baseline 0 -6"><span class='ocrx_word' id='word_1_107' title='bbox 215 543 326 566; x_wconf 78' lang='lat' dir='ltr'>supradicto,</span> <span class='ocrx_word' id='word_1_108' title='bbox 337 543 357 560; x_wconf 92' lang='lat' dir='ltr'>in</span> <span class='ocrx_word' id='word_1_109' title='bbox 369 543 448 566; x_wconf 81' lang='lat' dir='ltr'>capella‘</span> <span class='ocrx_word' id='word_1_110' title='bbox 460 546 490 560; x_wconf 82' lang='lat' dir='ltr'>aut</span> <span class='ocrx_word' id='word_1_111' title='bbox 500 543 518 560; x_wconf 90' lang='lat' dir='ltr'>in</span> <span class='ocrx_word' id='word_1_112' title='bbox 531 543 566 560; x_wconf 79' lang='lat' dir='ltr'>alio</span> <span class='ocrx_word' id='word_1_113' title='bbox 576 543 642 560; x_wconf 88' lang='lat' dir='ltr'>domus</span> <span class='ocrx_word' id='word_1_114' title='bbox 655 543 732 560; x_wconf 87' lang='lat' dir='ltr'>honesto</span> <span class='ocrx_word' id='word_1_115' title='bbox 745 543 791 564; x_wconf 67' lang='lat' dir='ltr'>loeo,</span> <span class='ocrx_word' id='word_1_116' title='bbox 803 543 879 560; x_wconf 78' lang='lat' dir='ltr'>honeste</span> <span class='ocrx_word' id='word_1_117' title='bbox 891 546 910 560; x_wconf 86' lang='lat' dir='ltr'>et</span> <span class='ocrx_word' id='word_1_118' title='bbox 920 543 991 560; x_wconf 74' lang='lat' dir='ltr'>utiliter</span> <span class='ocrx_word' id='word_1_119' title='bbox 1000 543 1109 566; x_wconf 69' lang='lat' dir='ltr'>disputetur,</span> <span class='ocrx_word' id='word_1_120' title='bbox 1120 543 1146 560; x_wconf 85' lang='lat' dir='ltr'>sic</span> 
     </span>
     <span class='ocr_line' id='line_1_12' title="bbox 215 576 1146 600; baseline 0 -7"><span class='ocrx_word' id='word_1_121' title='bbox 215 576 375 599; x_wconf 30' lang='lat' dir='ltr'>quodvopponens</span> <span class='ocrx_word' id='word_1_122' title='bbox 389 577 408 593; x_wconf 89' lang='lat' dir='ltr'>in</span> <span class='ocrx_word' id='word_1_123' title='bbox 423 577 510 593; x_wconf 81' lang='lat' dir='ltr'>universo</span> <span class='ocrx_word' id='word_1_124' title='bbox 524 577 618 599; x_wconf 82' lang='lat' dir='ltr'>arguendo</span> <span class='ocrx_word' id='word_1_125' title='bbox 632 580 649 593; x_wconf 79' lang='lat' dir='ltr'>et</span> <span class='ocrx_word' id='word_1_126' title='bbox 663 577 774 600; x_wconf 75' lang='lat' dir='ltr'>replicando,</span> <span class='ocrx_word' id='word_1_127' title='bbox 788 580 808 593; x_wconf 86' lang='lat' dir='ltr'>ut</span> <span class='ocrx_word' id='word_1_128' title='bbox 820 577 850 593; x_wconf 84' lang='lat' dir='ltr'>alii</span> <span class='ocrx_word' id='word_1_129' title='bbox 863 576 923 593; x_wconf 79' lang='lat' dir='ltr'>locum</span> <span class='ocrx_word' id='word_1_130' title='bbox 939 576 1006 593; x_wconf 82' lang='lat' dir='ltr'>habere</span> <span class='ocrx_word' id='word_1_131' title='bbox 1019 576 1096 597; x_wconf 73' lang='lat' dir='ltr'>valeant,</span> <span class='ocrx_word' id='word_1_132' title='bbox 1111 576 1146 593; x_wconf 84' lang='lat' dir='ltr'>nisi</span> 
     </span>
     <span class='ocr_line' id='line_1_13' title="bbox 215 609 1147 633; baseline 0 -7"><span class='ocrx_word' id='word_1_133' title='bbox 215 613 256 627; x_wconf 85' lang='lat' dir='ltr'>octo</span> <span class='ocrx_word' id='word_1_134' title='bbox 265 616 302 626; x_wconf 86' lang='lat' dir='ltr'>non</span> <span class='ocrx_word' id='word_1_135' title='bbox 316 610 376 632; x_wconf 78' lang='lat' dir='ltr'>possit</span> <span class='ocrx_word' id='word_1_136' title='bbox 387 610 447 626; x_wconf 74' lang='lat' dir='ltr'>facere</span> <span class='ocrx_word' id='word_1_137' title='bbox 461 610 548 631; x_wconf 64' lang='lat' dir='ltr'>rationes,</span> <span class='ocrx_word' id='word_1_138' title='bbox 561 613 579 627; x_wconf 81' lang='lat' dir='ltr'>et</span> <span class='ocrx_word' id='word_1_139' title='bbox 591 610 669 633; x_wconf 83' lang='lat' dir='ltr'>quilibet</span> <span class='ocrx_word' id='word_1_140' title='bbox 681 610 757 627; x_wconf 80' lang='lat' dir='ltr'>alioruin</span> <span class='ocrx_word' id='word_1_141' title='bbox 768 613 805 627; x_wconf 84' lang='lat' dir='ltr'>tres</span> <span class='ocrx_word' id='word_1_142' title='bbox 816 610 907 630; x_wconf 76' lang='lat' dir='ltr'>duntaxat,</span> <span class='ocrx_word' id='word_1_143' title='bbox 920 609 956 626; x_wconf 85' lang='lat' dir='ltr'>nisi</span> <span class='ocrx_word' id='word_1_144' title='bbox 966 609 1032 632; x_wconf 78' lang='lat' dir='ltr'>aliquis</span> <span class='ocrx_word' id='word_1_145' title='bbox 1042 613 1147 632; x_wconf 75' lang='lat' dir='ltr'>argumenta</span> 
     </span>
     <span class='ocr_line' id='line_1_14' title="bbox 214 642 1154 666; baseline 0 -7"><span class='ocrx_word' id='word_1_146' title='bbox 214 643 266 660; x_wconf 79' lang='lat' dir='ltr'>faciat</span> <span class='ocrx_word' id='word_1_147' title='bbox 278 643 372 664; x_wconf 72' lang='lat' dir='ltr'>bifurcatav</span> <span class='ocrx_word' id='word_1_148' title='bbox 388 643 465 660; x_wconf 79' lang='lat' dir='ltr'>divisive</span> <span class='ocrx_word' id='word_1_149' title='bbox 479 646 509 660; x_wconf 83' lang='lat' dir='ltr'>aut</span> <span class='ocrx_word' id='word_1_150' title='bbox 521 643 630 666; x_wconf 74' lang='lat' dir='ltr'>copulative,</span> <span class='ocrx_word' id='word_1_151' title='bbox 645 646 676 660; x_wconf 80' lang='lat' dir='ltr'>aut</span> <span class='ocrx_word' id='word_1_152' title='bbox 688 643 709 660; x_wconf 82' lang='lat' dir='ltr'>ad</span> <span class='ocrx_word' id='word_1_153' title='bbox 724 643 846 666; x_wconf 81' lang='lat' dir='ltr'>impossibilia</span> <span class='ocrx_word' id='word_1_154' title='bbox 857 643 960 663; x_wconf 84' lang='lat' dir='ltr'>deductive,</span> <span class='ocrx_word' id='word_1_155' title='bbox 971 642 1026 659; x_wconf 75' lang='lat' dir='ltr'>mulla</span> <span class='ocrx_word' id='word_1_156' title='bbox 1038 642 1154 666; x_wconf 63' lang='lat' dir='ltr'>(tumulando&gt;</span> 
     </span>
     <span class='ocr_line' id='line_1_15' title="bbox 215 675 1148 699; baseline 0 -7"><span class='ocrx_word' id='word_1_157' title='bbox 215 676 233 692; x_wconf 92' lang='lat' dir='ltr'>in</span> <span class='ocrx_word' id='word_1_158' title='bbox 240 682 305 697; x_wconf 71' lang='lat' dir='ltr'>unum;</span> <span class='ocrx_word' id='word_1_159' title='bbox 317 678 347 697; x_wconf 84' lang='lat' dir='ltr'>[et]</span> <span class='ocrx_word' id='word_1_160' title='bbox 357 676 472 699; x_wconf 81' lang='lat' dir='ltr'>respondens</span> <span class='ocrx_word' id='word_1_161' title='bbox 482 682 518 693; x_wconf 88' lang='lat' dir='ltr'>uon</span> <span class='ocrx_word' id='word_1_162' title='bbox 530 676 589 699; x_wconf 83' lang='lat' dir='ltr'>possit</span> <span class='ocrx_word' id='word_1_163' title='bbox 598 676 634 694; x_wconf 81' lang='lat' dir='ltr'>nisi</span> <span class='ocrx_word' id='word_1_164' title='bbox 644 679 682 693; x_wconf 79' lang='lat' dir='ltr'>tres</span> <span class='ocrx_word' id='word_1_165' title='bbox 692 676 829 693; x_wconf 82' lang='lat' dir='ltr'>conelusiones‘</span> <span class='ocrx_word' id='word_1_166' title='bbox 839 682 913 699; x_wconf 82' lang='lat' dir='ltr'>ponere,</span> <span class='ocrx_word' id='word_1_167' title='bbox 922 682 998 699; x_wconf 76' lang='lat' dir='ltr'>quarum</span> <span class='ocrx_word' id='word_1_168' title='bbox 1006 675 1105 698; x_wconf 77' lang='lat' dir='ltr'>quamlibet</span> <span class='ocrx_word' id='word_1_169' title='bbox 1113 682 1148 692; x_wconf 84' lang='lat' dir='ltr'>una</span> 
     </span>
     <span class='ocr_line' id='line_1_16' title="bbox 213 709 1147 731; baseline -0.001 -5"><span class='ocrx_word' id='word_1_170' title='bbox 213 709 320 728; x_wconf 75' lang='lat' dir='ltr'>,auctoritate</span> <span class='ocrx_word' id='word_1_171' title='bbox 333 712 351 726; x_wconf 82' lang='lat' dir='ltr'>et</span> <span class='ocrx_word' id='word_1_172' title='bbox 362 715 398 726; x_wconf 85' lang='lat' dir='ltr'>una</span> <span class='ocrx_word' id='word_1_173' title='bbox 409 709 485 731; x_wconf 76' lang='lat' dir='ltr'>ratione,</span> <span class='ocrx_word' id='word_1_174' title='bbox 496 710 512 727; x_wconf 87' lang='lat' dir='ltr'>si</span> <span class='ocrx_word' id='word_1_175' title='bbox 524 709 607 731; x_wconf 71' lang='lat' dir='ltr'>valuerit„</span> <span class='ocrx_word' id='word_1_176' title='bbox 618 713 648 727; x_wconf 75' lang='lat' dir='ltr'>aut</span> <span class='ocrx_word' id='word_1_177' title='bbox 659 716 693 726; x_wconf 76' lang='lat' dir='ltr'>una</span> <span class='ocrx_word' id='word_1_178' title='bbox 703 709 809 727; x_wconf 76' lang='lat' dir='ltr'>auctoritate</span> <span class='ocrx_word' id='word_1_179' title='bbox 819 712 894 730; x_wconf 76' lang='lat' dir='ltr'>tantum,</span> <span class='ocrx_word' id='word_1_180' title='bbox 903 713 933 726; x_wconf 80' lang='lat' dir='ltr'>aut</span> <span class='ocrx_word' id='word_1_181' title='bbox 947 715 982 726; x_wconf 81' lang='lat' dir='ltr'>una</span> <span class='ocrx_word' id='word_1_182' title='bbox 993 709 1062 726; x_wconf 75' lang='lat' dir='ltr'>ratione</span> <span class='ocrx_word' id='word_1_183' title='bbox 1072 712 1147 730; x_wconf 80' lang='lat' dir='ltr'>tantum,</span> 
     </span>
     <span class='ocr_line' id='line_1_17' title="bbox 213 742 595 766; baseline 0.003 -7"><span class='ocrx_word' id='word_1_184' title='bbox 213 742 271 760; x_wconf 78' lang='lat' dir='ltr'>valeat</span> <span class='ocrx_word' id='word_1_185' title='bbox 282 742 396 764; x_wconf 81' lang='lat' dir='ltr'>confirmare,</span> <span class='ocrx_word' id='word_1_186' title='bbox 407 742 476 766; x_wconf 76' lang='lat' dir='ltr'>absque</span> <span class='ocrx_word' id='word_1_187' title='bbox 486 743 595 761; x_wconf 80' lang='lat' dir='ltr'>corollariis.</span> 
     </span>
    </p>

    <p class='ocr_par' dir='ltr' id='par_1_5' title="bbox 213 775 1148 1130">
     <span class='ocr_line' id='line_1_18' title="bbox 259 775 1148 799; baseline -0.001 -6"><span class='ocrx_word' id='word_1_188' title='bbox 259 776 310 796; x_wconf 84' lang='lat' dir='ltr'>Item,</span> <span class='ocrx_word' id='word_1_189' title='bbox 324 775 423 793; x_wconf 80' lang='lat' dir='ltr'>voluerunt</span> <span class='ocrx_word' id='word_1_190' title='bbox 435 776 484 799; x_wconf 80' lang='lat' dir='ltr'>quod</span> <span class='ocrx_word' id='word_1_191' title='bbox 498 776 602 793; x_wconf 65' lang='lat' dir='ltr'>immediate</span> <span class='ocrx_word' id='word_1_192' title='bbox 615 779 657 799; x_wconf 81' lang='lat' dir='ltr'>pust</span> <span class='ocrx_word' id='word_1_193' title='bbox 669 775 788 799; x_wconf 77' lang='lat' dir='ltr'>principalem</span> <span class='ocrx_word' id='word_1_194' title='bbox 802 779 924 798; x_wconf 82' lang='lat' dir='ltr'>opponentem</span> <span class='ocrx_word' id='word_1_195' title='bbox 937 779 1001 799; x_wconf 76' lang='lat' dir='ltr'>arguat</span> <span class='ocrx_word' id='word_1_196' title='bbox 1013 775 1100 799; x_wconf 73' lang='lat' dir='ltr'>magister</span> <span class='ocrx_word' id='word_1_197' title='bbox 1110 778 1148 792; x_wconf 88' lang='lat' dir='ltr'>stu-</span> 
     </span>
     <span class='ocr_line' id='line_1_19' title="bbox 214 808 1148 832; baseline 0 -6"><span class='ocrx_word' id='word_1_198' title='bbox 214 809 302 829; x_wconf 75' lang='lat' dir='ltr'>dentium.</span> <span class='ocrx_word' id='word_1_199' title='bbox 312 809 391 831; x_wconf 81' lang='lat' dir='ltr'>denique</span> <span class='ocrx_word' id='word_1_200' title='bbox 399 809 450 832; x_wconf 84' lang='lat' dir='ltr'>prior</span> <span class='ocrx_word' id='word_1_201' title='bbox 461 809 533 830; x_wconf 79' lang='lat' dir='ltr'>domus,</span> <span class='ocrx_word' id='word_1_202' title='bbox 543 809 610 826; x_wconf 83' lang='lat' dir='ltr'>deinde</span> <span class='ocrx_word' id='word_1_203' title='bbox 621 809 703 832; x_wconf 70' lang='lat' dir='ltr'>magistri</span> <span class='ocrx_word' id='word_1_204' title='bbox 711 809 730 826; x_wconf 84' lang='lat' dir='ltr'>iu</span> <span class='ocrx_word' id='word_1_205' title='bbox 738 809 836 832; x_wconf 73' lang='lat' dir='ltr'>theologia.</span> <span class='ocrx_word' id='word_1_206' title='bbox 845 809 861 826; x_wconf 85' lang='lat' dir='ltr'>si</span> <span class='ocrx_word' id='word_1_207' title='bbox 872 809 898 826; x_wconf 84' lang='lat' dir='ltr'>eis</span> <span class='ocrx_word' id='word_1_208' title='bbox 908 808 977 832; x_wconf 76' lang='lat' dir='ltr'>placeat</span> <span class='ocrx_word' id='word_1_209' title='bbox 986 814 1072 832; x_wconf 79' lang='lat' dir='ltr'>arguere;</span> <span class='ocrx_word' id='word_1_210' title='bbox 1081 808 1148 826; x_wconf 80' lang='lat' dir='ltr'>deinde</span> 
     </span>
     <span class='ocr_line' id='line_1_20' title="bbox 215 840 1148 865; baseline 0 -6"><span class='ocrx_word' id='word_1_211' title='bbox 215 841 319 863; x_wconf 75' lang='lat' dir='ltr'>bachalarii,</span> <span class='ocrx_word' id='word_1_212' title='bbox 333 842 400 859; x_wconf 78' lang='lat' dir='ltr'>deinde</span> <span class='ocrx_word' id='word_1_213' title='bbox 413 848 506 863; x_wconf 80' lang='lat' dir='ltr'>cursores,</span> <span class='ocrx_word' id='word_1_214' title='bbox 520 842 621 859; x_wconf 76' lang='lat' dir='ltr'>seeundum</span> <span class='ocrx_word' id='word_1_215' title='bbox 635 842 684 864; x_wconf 86' lang='lat' dir='ltr'>quod</span> <span class='ocrx_word' id='word_1_216' title='bbox 695 842 747 864; x_wconf 84' lang='lat' dir='ltr'>prius</span> <span class='ocrx_word' id='word_1_217' title='bbox 759 842 834 859; x_wconf 78' lang='lat' dir='ltr'>fuerunt</span> <span class='ocrx_word' id='word_1_218' title='bbox 846 847 890 859; x_wconf 83' lang='lat' dir='ltr'>suos</span> <span class='ocrx_word' id='word_1_219' title='bbox 903 840 1052 865; x_wconf 51' lang='lat' dir='ltr'>gradus‘adepth</span> <span class='ocrx_word' id='word_1_220' title='bbox 1065 842 1088 859; x_wconf 77' lang='lat' dir='ltr'>itu</span> <span class='ocrx_word' id='word_1_221' title='bbox 1098 842 1148 865; x_wconf 78' lang='lat' dir='ltr'>quod</span> 
     </span>
     <span class='ocr_line' id='line_1_21' title="bbox 215 875 1148 898; baseline 0 -6"><span class='ocrx_word' id='word_1_222' title='bbox 215 875 246 898; x_wconf 88' lang='lat' dir='ltr'>qui</span> <span class='ocrx_word' id='word_1_223' title='bbox 257 875 315 898; x_wconf 81' lang='lat' dir='ltr'>primo</span> <span class='ocrx_word' id='word_1_224' title='bbox 325 875 406 892; x_wconf 82' lang='lat' dir='ltr'>finiverit</span> <span class='ocrx_word' id='word_1_225' title='bbox 415 875 525 896; x_wconf 78' lang='lat' dir='ltr'>Sententias,</span> <span class='ocrx_word' id='word_1_226' title='bbox 536 875 595 898; x_wconf 87' lang='lat' dir='ltr'>primo</span> <span class='ocrx_word' id='word_1_227' title='bbox 605 878 675 898; x_wconf 75' lang='lat' dir='ltr'>arguat,</span> <span class='ocrx_word' id='word_1_228' title='bbox 687 878 705 892; x_wconf 85' lang='lat' dir='ltr'>et</span> <span class='ocrx_word' id='word_1_229' title='bbox 715 875 746 898; x_wconf 83' lang='lat' dir='ltr'>qui</span> <span class='ocrx_word' id='word_1_230' title='bbox 755 875 801 898; x_wconf 82' lang='lat' dir='ltr'>legit</span> <span class='ocrx_word' id='word_1_231' title='bbox 811 875 857 892; x_wconf 79' lang='lat' dir='ltr'>duos</span> <span class='ocrx_word' id='word_1_232' title='bbox 867 880 939 896; x_wconf 84' lang='lat' dir='ltr'>cursus,</span> <span class='ocrx_word' id='word_1_233' title='bbox 950 878 991 892; x_wconf 79' lang='lat' dir='ltr'>ante</span> <span class='ocrx_word' id='word_1_234' title='bbox 1001 875 1052 892; x_wconf 89' lang='lat' dir='ltr'>illum</span> <span class='ocrx_word' id='word_1_235' title='bbox 1063 876 1094 898; x_wconf 80' lang='lat' dir='ltr'>qui</span> <span class='ocrx_word' id='word_1_236' title='bbox 1102 875 1148 898; x_wconf 81' lang='lat' dir='ltr'>legit</span> 
     </span>
     <span class='ocr_line' id='line_1_22' title="bbox 215 908 1147 931; baseline 0 -6"><span class='ocrx_word' id='word_1_237' title='bbox 215 914 270 925; x_wconf 92' lang='lat' dir='ltr'>unum</span> <span class='ocrx_word' id='word_1_238' title='bbox 288 914 369 930; x_wconf 82' lang='lat' dir='ltr'>cursum,</span> <span class='ocrx_word' id='word_1_239' title='bbox 384 912 402 925; x_wconf 91' lang='lat' dir='ltr'>et</span> <span class='ocrx_word' id='word_1_240' title='bbox 416 908 446 931; x_wconf 77' lang='lat' dir='ltr'>qui</span> <span class='ocrx_word' id='word_1_241' title='bbox 460 908 519 931; x_wconf 87' lang='lat' dir='ltr'>primo</span> <span class='ocrx_word' id='word_1_242' title='bbox 534 908 613 925; x_wconf 83' lang='lat' dir='ltr'>finiverit</span> <span class='ocrx_word' id='word_1_243' title='bbox 627 913 701 925; x_wconf 70' lang='lat' dir='ltr'>cursum</span> <span class='ocrx_word' id='word_1_244' title='bbox 716 914 769 925; x_wconf 83' lang='lat' dir='ltr'>suuni</span> <span class='ocrx_word' id='word_1_245' title='bbox 784 908 813 925; x_wconf 83' lang='lat' dir='ltr'>vel</span> <span class='ocrx_word' id='word_1_246' title='bbox 825 914 898 929; x_wconf 82' lang='lat' dir='ltr'>cursus,</span> <span class='ocrx_word' id='word_1_247' title='bbox 909 911 950 925; x_wconf 77' lang='lat' dir='ltr'>ante</span> <span class='ocrx_word' id='word_1_248' title='bbox 965 908 1016 925; x_wconf 82' lang='lat' dir='ltr'>illum</span> <span class='ocrx_word' id='word_1_249' title='bbox 1031 908 1062 931; x_wconf 88' lang='lat' dir='ltr'>qui</span> <span class='ocrx_word' id='word_1_250' title='bbox 1077 908 1147 925; x_wconf 88' lang='lat' dir='ltr'>ultimo.</span> 
     </span>
     <span class='ocr_line' id='line_1_23' title="bbox 214 941 1148 965; baseline 0 -7"><span class='ocrx_word' id='word_1_251' title='bbox 214 942 285 959; x_wconf 87' lang='lat' dir='ltr'>Deinde</span> <span class='ocrx_word' id='word_1_252' title='bbox 294 945 372 965; x_wconf 79' lang='lat' dir='ltr'>arguant</span> <span class='ocrx_word' id='word_1_253' title='bbox 383 941 413 958; x_wconf 74' lang='lat' dir='ltr'>alii</span> <span class='ocrx_word' id='word_1_254' title='bbox 423 942 476 963; x_wconf 63' lang='lat' dir='ltr'>socii,</span> <span class='ocrx_word' id='word_1_255' title='bbox 486 942 520 958; x_wconf 81' lang='lat' dir='ltr'>sed</span> <span class='ocrx_word' id='word_1_256' title='bbox 533 942 563 964; x_wconf 83' lang='lat' dir='ltr'>qui</span> <span class='ocrx_word' id='word_1_257' title='bbox 576 942 644 958; x_wconf 76' lang='lat' dir='ltr'>fuerint</span> <span class='ocrx_word' id='word_1_258' title='bbox 654 941 766 964; x_wconf 75' lang='lat' dir='ltr'>antiquiores</span> <span class='ocrx_word' id='word_1_259' title='bbox 777 941 795 958; x_wconf 95' lang='lat' dir='ltr'>in</span> <span class='ocrx_word' id='word_1_260' title='bbox 809 941 869 958; x_wconf 86' lang='lat' dir='ltr'>domo.</span> <span class='ocrx_word' id='word_1_261' title='bbox 882 942 905 958; x_wconf 79' lang='lat' dir='ltr'>Et</span> <span class='ocrx_word' id='word_1_262' title='bbox 917 941 933 958; x_wconf 82' lang='lat' dir='ltr'>si</span> <span class='ocrx_word' id='word_1_263' title='bbox 944 942 1038 965; x_wconf 78' lang='lat' dir='ltr'>contingat</span> <span class='ocrx_word' id='word_1_264' title='bbox 1053 945 1148 959; x_wconf 77' lang='lat' dir='ltr'>extraneos</span> 
     </span>
     <span class='ocr_line' id='line_1_24' title="bbox 214 973 1148 998; baseline -0.001 -6"><span class='ocrx_word' id='word_1_265' title='bbox 214 975 236 992; x_wconf 74' lang='lat' dir='ltr'>ad</span> <span class='ocrx_word' id='word_1_266' title='bbox 246 975 290 992; x_wconf 84' lang='lat' dir='ltr'>istas</span> <span class='ocrx_word' id='word_1_267' title='bbox 300 975 434 998; x_wconf 82' lang='lat' dir='ltr'>disputationes</span> <span class='ocrx_word' id='word_1_268' title='bbox 444 975 513 996; x_wconf 80' lang='lat' dir='ltr'>venire,</span> <span class='ocrx_word' id='word_1_269' title='bbox 525 975 541 992; x_wconf 83' lang='lat' dir='ltr'>si</span> <span class='ocrx_word' id='word_1_270' title='bbox 555 975 592 992; x_wconf 87' lang='lat' dir='ltr'>sint</span> <span class='ocrx_word' id='word_1_271' title='bbox 603 975 680 992; x_wconf 79' lang='lat' dir='ltr'>honeste</span> <span class='ocrx_word' id='word_1_272' title='bbox 693 980 780 997; x_wconf 73' lang='lat' dir='ltr'>persone,</span> <span class='ocrx_word' id='word_1_273' title='bbox 790 975 840 997; x_wconf 89' lang='lat' dir='ltr'>quod</span> <span class='ocrx_word' id='word_1_274' title='bbox 853 975 936 998; x_wconf 75' lang='lat' dir='ltr'>magistri</span> <span class='ocrx_word' id='word_1_275' title='bbox 948 973 1062 992; x_wconf 77' lang='lat' dir='ltr'>studentium</span> <span class='ocrx_word' id='word_1_276' title='bbox 1072 974 1148 992; x_wconf 80' lang='lat' dir='ltr'>arbitrio</span> 
     </span>
     <span class='ocr_line' id='line_1_25' title="bbox 214 1008 1148 1031; baseline 0 -6"><span class='ocrx_word' id='word_1_277' title='bbox 214 1008 333 1031; x_wconf 80' lang='lat' dir='ltr'>relinquatur,</span> <span class='ocrx_word' id='word_1_278' title='bbox 350 1011 367 1025; x_wconf 86' lang='lat' dir='ltr'>et</span> <span class='ocrx_word' id='word_1_279' title='bbox 381 1014 418 1025; x_wconf 85' lang='lat' dir='ltr'>non</span> <span class='ocrx_word' id='word_1_280' title='bbox 433 1008 470 1025; x_wconf 87' lang='lat' dir='ltr'>sint</span> <span class='ocrx_word' id='word_1_281' title='bbox 485 1011 512 1025; x_wconf 87' lang='lat' dir='ltr'>tot</span> <span class='ocrx_word' id='word_1_282' title='bbox 527 1008 575 1025; x_wconf 84' lang='lat' dir='ltr'>unde</span> <span class='ocrx_word' id='word_1_283' title='bbox 590 1008 634 1025; x_wconf 83' lang='lat' dir='ltr'>socii</span> <span class='ocrx_word' id='word_1_284' title='bbox 650 1008 715 1025; x_wconf 77' lang='lat' dir='ltr'>domus</span> <span class='ocrx_word' id='word_1_285' title='bbox 729 1008 802 1030; x_wconf 81' lang='lat' dir='ltr'>possint</span> <span class='ocrx_word' id='word_1_286' title='bbox 812 1014 821 1025; x_wconf 82' lang='lat' dir='ltr'>a</span> <span class='ocrx_word' id='word_1_287' title='bbox 832 1008 906 1031; x_wconf 84' lang='lat' dir='ltr'>proprio</span> <span class='ocrx_word' id='word_1_288' title='bbox 921 1008 1007 1025; x_wconf 82' lang='lat' dir='ltr'>exercitio</span> <span class='ocrx_word' id='word_1_289' title='bbox 1022 1008 1114 1031; x_wconf 72' lang='lat' dir='ltr'>impediri,</span> <span class='ocrx_word' id='word_1_290' title='bbox 1128 1008 1148 1025; x_wconf 86' lang='lat' dir='ltr'>in</span> 
     </span>
     <span class='ocr_line' id='line_1_26' title="bbox 213 1041 1147 1064; baseline 0 -6"><span class='ocrx_word' id='word_1_291' title='bbox 213 1041 272 1064; x_wconf 85' lang='lat' dir='ltr'>gradu</span> <span class='ocrx_word' id='word_1_292' title='bbox 283 1047 316 1058; x_wconf 89' lang='lat' dir='ltr'>suo</span> <span class='ocrx_word' id='word_1_293' title='bbox 327 1041 392 1058; x_wconf 82' lang='lat' dir='ltr'>domus</span> <span class='ocrx_word' id='word_1_294' title='bbox 403 1041 439 1058; x_wconf 77' lang='lat' dir='ltr'>sibi</span> <span class='ocrx_word' id='word_1_295' title='bbox 449 1041 537 1064; x_wconf 71' lang='lat' dir='ltr'>compari,</span> <span class='ocrx_word' id='word_1_296' title='bbox 547 1041 563 1058; x_wconf 86' lang='lat' dir='ltr'>si</span> <span class='ocrx_word' id='word_1_297' title='bbox 573 1047 651 1064; x_wconf 75' lang='lat' dir='ltr'>arguere</span> <span class='ocrx_word' id='word_1_298' title='bbox 661 1041 757 1062; x_wconf 75' lang='lat' dir='ltr'>voluerint,</span> <span class='ocrx_word' id='word_1_299' title='bbox 769 1041 891 1064; x_wconf 77' lang='lat' dir='ltr'>preferantur;</span> <span class='ocrx_word' id='word_1_300' title='bbox 906 1044 936 1058; x_wconf 78' lang='lat' dir='ltr'>aut</span> <span class='ocrx_word' id='word_1_301' title='bbox 947 1041 964 1058; x_wconf 90' lang='lat' dir='ltr'>si</span> <span class='ocrx_word' id='word_1_302' title='bbox 975 1041 1017 1063; x_wconf 88' lang='lat' dir='ltr'>quis</span> <span class='ocrx_word' id='word_1_303' title='bbox 1030 1041 1098 1064; x_wconf 81' lang='lat' dir='ltr'>gradus</span> <span class='ocrx_word' id='word_1_304' title='bbox 1110 1047 1147 1058; x_wconf 78' lang='lat' dir='ltr'>non</span> 
     </span>
     <span class='ocr_line' id='line_1_27' title="bbox 213 1074 1146 1097; baseline 0 -6"><span class='ocrx_word' id='word_1_305' title='bbox 213 1074 294 1095; x_wconf 85' lang='lat' dir='ltr'>haberet,</span> <span class='ocrx_word' id='word_1_306' title='bbox 307 1074 350 1091; x_wconf 87' lang='lat' dir='ltr'>dum</span> <span class='ocrx_word' id='word_1_307' title='bbox 365 1077 424 1091; x_wconf 87' lang='lat' dir='ltr'>tamen</span> <span class='ocrx_word' id='word_1_308' title='bbox 440 1077 489 1091; x_wconf 82' lang='lat' dir='ltr'>esset</span> <span class='ocrx_word' id='word_1_309' title='bbox 504 1074 571 1091; x_wconf 81' lang='lat' dir='ltr'>nobilis</span> <span class='ocrx_word' id='word_1_310' title='bbox 584 1077 615 1091; x_wconf 85' lang='lat' dir='ltr'>aut</span> <span class='ocrx_word' id='word_1_311' title='bbox 626 1074 713 1097; x_wconf 80' lang='lat' dir='ltr'>religiosa</span> <span class='ocrx_word' id='word_1_312' title='bbox 725 1080 810 1097; x_wconf 81' lang='lat' dir='ltr'>persona,</span> <span class='ocrx_word' id='word_1_313' title='bbox 822 1077 853 1091; x_wconf 77' lang='lat' dir='ltr'>aut</span> <span class='ocrx_word' id='word_1_314' title='bbox 865 1074 899 1091; x_wconf 75' lang='lat' dir='ltr'>alia</span> <span class='ocrx_word' id='word_1_315' title='bbox 910 1074 984 1097; x_wconf 74' lang='lat' dir='ltr'>fulgens</span> <span class='ocrx_word' id='word_1_316' title='bbox 997 1074 1116 1097; x_wconf 66' lang='lat' dir='ltr'>prerogativa.</span> <span class='ocrx_word' id='word_1_317' title='bbox 1127 1074 1146 1091; x_wconf 90' lang='lat' dir='ltr'>in</span> 
     </span>
     <span class='ocr_line' id='line_1_28' title="bbox 213 1107 906 1130; baseline 0 -6"><span class='ocrx_word' id='word_1_318' title='bbox 213 1107 307 1130; x_wconf 78' lang='lat' dir='ltr'>arguendo</span> <span class='ocrx_word' id='word_1_319' title='bbox 318 1107 405 1130; x_wconf 80' lang='lat' dir='ltr'>magister</span> <span class='ocrx_word' id='word_1_320' title='bbox 415 1107 527 1124; x_wconf 80' lang='lat' dir='ltr'>studentium</span> <span class='ocrx_word' id='word_1_321' title='bbox 538 1107 611 1124; x_wconf 85' lang='lat' dir='ltr'>ordinet</span> <span class='ocrx_word' id='word_1_322' title='bbox 621 1110 641 1124; x_wconf 91' lang='lat' dir='ltr'>ut</span> <span class='ocrx_word' id='word_1_323' title='bbox 650 1107 686 1124; x_wconf 79' lang='lat' dir='ltr'>sibi</span> <span class='ocrx_word' id='word_1_324' title='bbox 695 1107 788 1124; x_wconf 79' lang='lat' dir='ltr'>videbitur</span> <span class='ocrx_word' id='word_1_325' title='bbox 797 1107 906 1124; x_wconf 79' lang='lat' dir='ltr'>faciendum.</span> 
     </span>
    </p>

    <p class='ocr_par' dir='ltr' id='par_1_6' title="bbox 213 1140 1146 1197">
     <span class='ocr_line' id='line_1_29' title="bbox 258 1140 1146 1163; baseline 0 -6"><span class='ocrx_word' id='word_1_326' title='bbox 258 1141 279 1157; x_wconf 90' lang='lat' dir='ltr'>ln</span> <span class='ocrx_word' id='word_1_327' title='bbox 291 1140 324 1157; x_wconf 85' lang='lat' dir='ltr'>hoc</span> <span class='ocrx_word' id='word_1_328' title='bbox 337 1144 396 1157; x_wconf 83' lang='lat' dir='ltr'>autem</span> <span class='ocrx_word' id='word_1_329' title='bbox 410 1143 476 1157; x_wconf 83' lang='lat' dir='ltr'>statuto</span> <span class='ocrx_word' id='word_1_330' title='bbox 489 1146 526 1157; x_wconf 84' lang='lat' dir='ltr'>non</span> <span class='ocrx_word' id='word_1_331' title='bbox 538 1140 651 1157; x_wconf 78' lang='lat' dir='ltr'>intendimus</span> <span class='ocrx_word' id='word_1_332' title='bbox 663 1140 777 1163; x_wconf 71' lang='lat' dir='ltr'>prejudicare</span> <span class='ocrx_word' id='word_1_333' title='bbox 790 1140 831 1157; x_wconf 82' lang='lat' dir='ltr'>aliis</span> <span class='ocrx_word' id='word_1_334' title='bbox 841 1140 906 1157; x_wconf 90' lang='lat' dir='ltr'>domus</span> <span class='ocrx_word' id='word_1_335' title='bbox 918 1140 991 1157; x_wconf 81' lang='lat' dir='ltr'>statutis</span> <span class='ocrx_word' id='word_1_336' title='bbox 1001 1144 1019 1158; x_wconf 86' lang='lat' dir='ltr'>et</span> <span class='ocrx_word' id='word_1_337' title='bbox 1028 1140 1146 1157; x_wconf 82' lang='lat' dir='ltr'>consuetudi-</span> 
     </span>
     <span class='ocr_line' id='line_1_30' title="bbox 213 1173 1146 1197; baseline 0 -7"><span class='ocrx_word' id='word_1_338' title='bbox 213 1173 267 1191; x_wconf 84' lang='lat' dir='ltr'>nibus</span> <span class='ocrx_word' id='word_1_339' title='bbox 278 1174 296 1191; x_wconf 92' lang='lat' dir='ltr'>in</span> <span class='ocrx_word' id='word_1_340' title='bbox 306 1174 373 1197; x_wconf 87' lang='lat' dir='ltr'>quibus</span> <span class='ocrx_word' id='word_1_341' title='bbox 384 1177 412 1191; x_wconf 88' lang='lat' dir='ltr'>est</span> <span class='ocrx_word' id='word_1_342' title='bbox 421 1177 493 1191; x_wconf 75' lang='lat' dir='ltr'>cautum</span> <span class='ocrx_word' id='word_1_343' title='bbox 504 1173 589 1196; x_wconf 83' lang='lat' dir='ltr'>explicite</span> <span class='ocrx_word' id='word_1_344' title='bbox 598 1174 628 1191; x_wconf 87' lang='lat' dir='ltr'>vel</span> <span class='ocrx_word' id='word_1_345' title='bbox 637 1174 780 1196; x_wconf 71' lang='lat' dir='ltr'>interpretative,</span> <span class='ocrx_word' id='word_1_346' title='bbox 791 1173 841 1196; x_wconf 87' lang='lat' dir='ltr'>quod</span> <span class='ocrx_word' id='word_1_347' title='bbox 850 1173 898 1190; x_wconf 86' lang='lat' dir='ltr'>inter</span> <span class='ocrx_word' id='word_1_348' title='bbox 908 1173 972 1190; x_wconf 82' lang='lat' dir='ltr'>domus</span> <span class='ocrx_word' id='word_1_349' title='bbox 983 1174 1044 1190; x_wconf 85' lang='lat' dir='ltr'>socios</span> <span class='ocrx_word' id='word_1_350' title='bbox 1054 1177 1083 1190; x_wconf 84' lang='lat' dir='ltr'>est</span> <span class='ocrx_word' id='word_1_351' title='bbox 1091 1179 1146 1196; x_wconf 80' lang='lat' dir='ltr'>equa-</span> 
     </span>
    </p>

    <p class='ocr_par' dir='ltr' id='par_1_7' title="bbox 199 1204 1145 1263">
     <span class='ocr_line' id='line_1_31' title="bbox 199 1204 1145 1230; baseline 0 -6"><span class='ocrx_word' id='word_1_352' title='bbox 199 1216 202 1219; x_wconf 78' lang='grc'><em>·</em></span> <span class='ocrx_word' id='word_1_353' title='bbox 212 1207 253 1224; x_wconf 75' lang='lat' dir='ltr'>litas</span> <span class='ocrx_word' id='word_1_354' title='bbox 263 1213 296 1230; x_wconf 83' lang='lat' dir='ltr'>per</span> <span class='ocrx_word' id='word_1_355' title='bbox 306 1207 366 1224; x_wconf 69' lang='lat' dir='ltr'>omnia</span> <span class='ocrx_word' id='word_1_356' title='bbox 376 1207 496 1229; x_wconf 74' lang='lat' dir='ltr'>observanda,</span> <span class='ocrx_word' id='word_1_357' title='bbox 506 1213 547 1224; x_wconf 84' lang='lat' dir='ltr'>cum</span> <span class='ocrx_word' id='word_1_358' title='bbox 558 1207 576 1230; x_wconf 82' lang='lat' dir='ltr'>in</span> <span class='ocrx_word' id='word_1_359' title='bbox 587 1207 641 1224; x_wconf 88' lang='lat' dir='ltr'>domo</span> <span class='ocrx_word' id='word_1_360' title='bbox 651 1213 715 1224; x_wconf 86' lang='lat' dir='ltr'>omnes</span> <span class='ocrx_word' id='word_1_361' title='bbox 725 1207 762 1224; x_wconf 82' lang='lat' dir='ltr'>sint</span> <span class='ocrx_word' id='word_1_362' title='bbox 773 1210 791 1224; x_wconf 89' lang='lat' dir='ltr'>ut</span> <span class='ocrx_word' id='word_1_363' title='bbox 801 1207 846 1224; x_wconf 81' lang='lat' dir='ltr'>socii</span> <span class='ocrx_word' id='word_1_364' title='bbox 856 1210 874 1224; x_wconf 87' lang='lat' dir='ltr'>et</span> <span class='ocrx_word' id='word_1_365' title='bbox 883 1207 985 1228; x_wconf 70' lang='lat' dir='ltr'>studentes,</span> <span class='ocrx_word' id='word_1_366' title='bbox 995 1213 1032 1224; x_wconf 83' lang='lat' dir='ltr'>nou</span> <span class='ocrx_word' id='word_1_367' title='bbox 1041 1210 1060 1223; x_wconf 89' lang='lat' dir='ltr'>ut</span> <span class='ocrx_word' id='word_1_368' title='bbox 1066 1204 1145 1230; x_wconf 79' lang='lat' dir='ltr'>majores</span> 
     </span>
     <span class='ocr_line' id='line_1_32' title="bbox 212 1238 1021 1263; baseline 0 -6"><span class='ocrx_word' id='word_1_369' title='bbox 212 1243 230 1257; x_wconf 87' lang='lat' dir='ltr'>et</span> <span class='ocrx_word' id='word_1_370' title='bbox 239 1240 320 1257; x_wconf 87' lang='lat' dir='ltr'>minores</span> <span class='ocrx_word' id='word_1_371' title='bbox 329 1240 412 1263; x_wconf 76' lang='lat' dir='ltr'>magistri</span> <span class='ocrx_word' id='word_1_372' title='bbox 422 1244 440 1257; x_wconf 93' lang='lat' dir='ltr'>et</span> <span class='ocrx_word' id='word_1_373' title='bbox 449 1240 537 1259; x_wconf 80' lang='lat' dir='ltr'>scolares.</span> <span class='ocrx_word' id='word_1_374' title='bbox 548 1244 567 1257; x_wconf 89' lang='lat' dir='ltr'>et</span> <span class='ocrx_word' id='word_1_375' title='bbox 576 1240 649 1258; x_wconf 80' lang='lat' dir='ltr'>similia.</span> <span class='ocrx_word' id='word_1_376' title='bbox 1018 1238 1021 1240; x_wconf 58' lang='grc'><strong>’</strong></span> 
     </span>
    </p>

    <p class='ocr_par' dir='ltr' id='par_1_8' title="bbox 211 1273 1145 1496">
     <span class='ocr_line' id='line_1_33' title="bbox 257 1273 1144 1297; baseline -0.001 -6"><span class='ocrx_word' id='word_1_377' title='bbox 257 1274 341 1290; x_wconf 77' lang='lat' dir='ltr'>Preterea</span> <span class='ocrx_word' id='word_1_378' title='bbox 355 1277 463 1294; x_wconf 73' lang='lat' dir='ltr'>statuerunt,</span> <span class='ocrx_word' id='word_1_379' title='bbox 477 1274 527 1297; x_wconf 84' lang='lat' dir='ltr'>quod</span> <span class='ocrx_word' id='word_1_380' title='bbox 539 1274 573 1291; x_wconf 82' lang='lat' dir='ltr'>iste</span> <span class='ocrx_word' id='word_1_381' title='bbox 588 1274 720 1297; x_wconf 78' lang='lat' dir='ltr'>disputationes</span> <span class='ocrx_word' id='word_1_382' title='bbox 734 1274 760 1291; x_wconf 78' lang='lat' dir='ltr'>sic</span> <span class='ocrx_word' id='word_1_383' title='bbox 775 1274 886 1297; x_wconf 70' lang='lat' dir='ltr'>procedant:</span> <span class='ocrx_word' id='word_1_384' title='bbox 896 1273 945 1297; x_wconf 87' lang='lat' dir='ltr'>quod</span> <span class='ocrx_word' id='word_1_385' title='bbox 956 1273 1012 1297; x_wconf 84' lang='lat' dir='ltr'>prima</span> <span class='ocrx_word' id='word_1_386' title='bbox 1023 1273 1052 1290; x_wconf 85' lang='lat' dir='ltr'>die</span> <span class='ocrx_word' id='word_1_387' title='bbox 1062 1273 1144 1290; x_wconf 80' lang='lat' dir='ltr'>sabbathi</span> 
     </span>
     <span class='ocr_line' id='line_1_34' title="bbox 211 1306 1143 1330; baseline 0.001 -7"><span class='ocrx_word' id='word_1_388' title='bbox 211 1310 254 1330; x_wconf 85' lang='lat' dir='ltr'>post</span> <span class='ocrx_word' id='word_1_389' title='bbox 266 1306 379 1324; x_wconf 78' lang='lat' dir='ltr'>Nativitatem</span> <span class='ocrx_word' id='word_1_390' title='bbox 390 1307 444 1324; x_wconf 83' lang='lat' dir='ltr'>Beate</span> <span class='ocrx_word' id='word_1_391' title='bbox 455 1307 511 1324; x_wconf 63' lang='lat' dir='ltr'>Maria</span> <span class='ocrx_word' id='word_1_392' title='bbox 521 1307 604 1330; x_wconf 78' lang='lat' dir='ltr'>Virginis</span> <span class='ocrx_word' id='word_1_393' title='bbox 617 1307 727 1330; x_wconf 81' lang='lat' dir='ltr'>respondeat</span> <span class='ocrx_word' id='word_1_394' title='bbox 740 1307 806 1330; x_wconf 82' lang='lat' dir='ltr'>primo,</span> <span class='ocrx_word' id='word_1_395' title='bbox 820 1307 851 1330; x_wconf 90' lang='lat' dir='ltr'>qui</span> <span class='ocrx_word' id='word_1_396' title='bbox 865 1307 964 1324; x_wconf 82' lang='lat' dir='ltr'>novissime</span> <span class='ocrx_word' id='word_1_397' title='bbox 977 1307 1051 1323; x_wconf 86' lang='lat' dir='ltr'>domum</span> <span class='ocrx_word' id='word_1_398' title='bbox 1064 1307 1143 1328; x_wconf 65' lang='lat' dir='ltr'>intravit,</span> 
     </span>
     <span class='ocr_line' id='line_1_35' title="bbox 211 1337 1145 1363; baseline 0.001 -7"><span class='ocrx_word' id='word_1_399' title='bbox 211 1339 238 1357; x_wconf 88' lang='lat' dir='ltr'>illi</span> <span class='ocrx_word' id='word_1_400' title='bbox 252 1340 283 1362; x_wconf 82' lang='lat' dir='ltr'>qui</span> <span class='ocrx_word' id='word_1_401' title='bbox 297 1339 400 1356; x_wconf 78' lang='lat' dir='ltr'>immediate</span> <span class='ocrx_word' id='word_1_402' title='bbox 415 1345 456 1357; x_wconf 85' lang='lat' dir='ltr'>eum</span> <span class='ocrx_word' id='word_1_403' title='bbox 470 1341 560 1363; x_wconf 81' lang='lat' dir='ltr'>precessit</span> <span class='ocrx_word' id='word_1_404' title='bbox 573 1340 591 1357; x_wconf 89' lang='lat' dir='ltr'>iu</span> <span class='ocrx_word' id='word_1_405' title='bbox 606 1340 744 1363; x_wconf 83' lang='lat' dir='ltr'>respondend0;</span> <span class='ocrx_word' id='word_1_406' title='bbox 759 1344 778 1357; x_wconf 85' lang='lat' dir='ltr'>et</span> <span class='ocrx_word' id='word_1_407' title='bbox 790 1340 817 1357; x_wconf 88' lang='lat' dir='ltr'>sic</span> <span class='ocrx_word' id='word_1_408' title='bbox 832 1346 905 1363; x_wconf 85' lang='lat' dir='ltr'>semper</span> <span class='ocrx_word' id='word_1_409' title='bbox 918 1337 1035 1363; x_wconf 66' lang='lat' dir='ltr'>procedendi)</span> <span class='ocrx_word' id='word_1_410' title='bbox 1051 1346 1109 1363; x_wconf 86' lang='lat' dir='ltr'>usque</span> <span class='ocrx_word' id='word_1_411' title='bbox 1122 1340 1145 1357; x_wconf 80' lang='lat' dir='ltr'>ad</span> 
     </span>
     <span class='ocr_line' id='line_1_36' title="bbox 211 1372 1144 1396; baseline 0 -6"><span class='ocrx_word' id='word_1_412' title='bbox 211 1372 323 1396; x_wconf 83' lang='lat' dir='ltr'>antiquiores</span> <span class='ocrx_word' id='word_1_413' title='bbox 334 1373 352 1389; x_wconf 93' lang='lat' dir='ltr'>in</span> <span class='ocrx_word' id='word_1_414' title='bbox 363 1372 417 1390; x_wconf 80' lang='lat' dir='ltr'>domo</span> <span class='ocrx_word' id='word_1_415' title='bbox 426 1379 430 1390; x_wconf 76' lang='lat' dir='ltr'><em>z</em></span> <span class='ocrx_word' id='word_1_416' title='bbox 440 1377 457 1390; x_wconf 84' lang='lat' dir='ltr'>et</span> <span class='ocrx_word' id='word_1_417' title='bbox 467 1373 498 1390; x_wconf 90' lang='lat' dir='ltr'>ille</span> <span class='ocrx_word' id='word_1_418' title='bbox 508 1373 539 1396; x_wconf 82' lang='lat' dir='ltr'>qui</span> <span class='ocrx_word' id='word_1_419' title='bbox 549 1373 604 1390; x_wconf 79' lang='lat' dir='ltr'>suerit</span> <span class='ocrx_word' id='word_1_420' title='bbox 614 1373 671 1396; x_wconf 83' lang='lat' dir='ltr'>prima</span> <span class='ocrx_word' id='word_1_421' title='bbox 681 1373 711 1390; x_wconf 91' lang='lat' dir='ltr'>die</span> <span class='ocrx_word' id='word_1_422' title='bbox 721 1373 804 1390; x_wconf 82' lang='lat' dir='ltr'>sabbathi</span> <span class='ocrx_word' id='word_1_423' title='bbox 813 1373 891 1396; x_wconf 68' lang='lat' dir='ltr'>primus,</span> <span class='ocrx_word' id='word_1_424' title='bbox 900 1373 919 1390; x_wconf 84' lang='lat' dir='ltr'>in</span> <span class='ocrx_word' id='word_1_425' title='bbox 929 1373 1013 1396; x_wconf 79' lang='lat' dir='ltr'>sequenti</span> <span class='ocrx_word' id='word_1_426' title='bbox 1024 1373 1053 1390; x_wconf 89' lang='lat' dir='ltr'>die</span> <span class='ocrx_word' id='word_1_427' title='bbox 1062 1372 1144 1390; x_wconf 77' lang='lat' dir='ltr'>sabbathi</span> 
     </span>
     <span class='ocr_line' id='line_1_37' title="bbox 211 1406 1144 1429; baseline 0 -6"><span class='ocrx_word' id='word_1_428' title='bbox 211 1406 234 1423; x_wconf 88' lang='lat' dir='ltr'>sit</span> <span class='ocrx_word' id='word_1_429' title='bbox 244 1412 346 1429; x_wconf 84' lang='lat' dir='ltr'>opponens.</span> <span class='ocrx_word' id='word_1_430' title='bbox 358 1407 380 1423; x_wconf 88' lang='lat' dir='ltr'>Et</span> <span class='ocrx_word' id='word_1_431' title='bbox 389 1406 412 1423; x_wconf 75' lang='lat' dir='ltr'>ad</span> <span class='ocrx_word' id='word_1_432' title='bbox 420 1406 455 1423; x_wconf 83' lang='lat' dir='ltr'>hoe</span> <span class='ocrx_word' id='word_1_433' title='bbox 466 1406 550 1423; x_wconf 84' lang='lat' dir='ltr'>volumus</span> <span class='ocrx_word' id='word_1_434' title='bbox 561 1406 639 1429; x_wconf 83' lang='lat' dir='ltr'>obligari</span> <span class='ocrx_word' id='word_1_435' title='bbox 650 1412 714 1423; x_wconf 82' lang='lat' dir='ltr'>omues</span> <span class='ocrx_word' id='word_1_436' title='bbox 723 1406 784 1423; x_wconf 79' lang='lat' dir='ltr'>socios</span> <span class='ocrx_word' id='word_1_437' title='bbox 794 1406 816 1423; x_wconf 84' lang='lat' dir='ltr'>ab</span> <span class='ocrx_word' id='word_1_438' title='bbox 827 1406 913 1429; x_wconf 82' lang='lat' dir='ltr'>ingressu</span> <span class='ocrx_word' id='word_1_439' title='bbox 924 1406 989 1423; x_wconf 83' lang='lat' dir='ltr'>domus</span> <span class='ocrx_word' id='word_1_440' title='bbox 997 1412 1030 1429; x_wconf 87' lang='lat' dir='ltr'>per</span> <span class='ocrx_word' id='word_1_441' title='bbox 1039 1411 1071 1424; x_wconf 87' lang='lat' dir='ltr'>sex</span> <span class='ocrx_word' id='word_1_442' title='bbox 1080 1412 1144 1427; x_wconf 80' lang='lat' dir='ltr'>annos,</span> 
     </span>
     <span class='ocr_line' id='line_1_38' title="bbox 211 1439 1145 1462; baseline 0 -6"><span class='ocrx_word' id='word_1_443' title='bbox 211 1439 247 1456; x_wconf 82' lang='lat' dir='ltr'>nisi</span> <span class='ocrx_word' id='word_1_444' title='bbox 257 1439 350 1462; x_wconf 56' lang='lat' dir='ltr'>theoloff&#39;e</span> <span class='ocrx_word' id='word_1_445' title='bbox 359 1439 428 1456; x_wconf 77' lang='lat' dir='ltr'>fuerint</span> <span class='ocrx_word' id='word_1_446' title='bbox 438 1439 546 1462; x_wconf 55' lang='lat' dir='ltr'>maff&#39;strath</span> <span class='ocrx_word' id='word_1_447' title='bbox 558 1442 575 1455; x_wconf 87' lang='lat' dir='ltr'>et</span> <span class='ocrx_word' id='word_1_448' title='bbox 588 1439 622 1456; x_wconf 84' lang='lat' dir='ltr'>hoc</span> <span class='ocrx_word' id='word_1_449' title='bbox 632 1439 651 1456; x_wconf 89' lang='lat' dir='ltr'>in</span> <span class='ocrx_word' id='word_1_450' title='bbox 661 1439 747 1462; x_wconf 76' lang='lat' dir='ltr'>ingressu</span> <span class='ocrx_word' id='word_1_451' title='bbox 758 1439 823 1456; x_wconf 84' lang='lat' dir='ltr'>domus</span> <span class='ocrx_word' id='word_1_452' title='bbox 833 1439 907 1456; x_wconf 82' lang='lat' dir='ltr'>domino</span> <span class='ocrx_word' id='word_1_453' title='bbox 918 1439 1008 1462; x_wconf 83' lang='lat' dir='ltr'>provisori</span> <span class='ocrx_word' id='word_1_454' title='bbox 1016 1440 1079 1462; x_wconf 80' lang='lat' dir='ltr'>jurare</span> <span class='ocrx_word' id='word_1_455' title='bbox 1088 1439 1145 1462; x_wconf 84' lang='lat' dir='ltr'>expli-</span> 
     </span>
     <span class='ocr_line' id='line_1_39' title="bbox 211 1472 1145 1496; baseline 0 -7"><span class='ocrx_word' id='word_1_456' title='bbox 211 1473 247 1490; x_wconf 85' lang='lat' dir='ltr'>cite</span> <span class='ocrx_word' id='word_1_457' title='bbox 257 1476 357 1490; x_wconf 81' lang='lat' dir='ltr'>teneautur.</span> <span class='ocrx_word' id='word_1_458' title='bbox 374 1473 392 1490; x_wconf 89' lang='lat' dir='ltr'>Si</span> <span class='ocrx_word' id='word_1_459' title='bbox 405 1476 464 1490; x_wconf 76' lang='lat' dir='ltr'>autem</span> <span class='ocrx_word' id='word_1_460' title='bbox 476 1472 541 1496; x_wconf 79' lang='lat' dir='ltr'>aliquis</span> <span class='ocrx_word' id='word_1_461' title='bbox 557 1472 649 1489; x_wconf 75' lang='lat' dir='ltr'>socierum</span> <span class='ocrx_word' id='word_1_462' title='bbox 663 1472 768 1495; x_wconf 83' lang='lat' dir='ltr'>impeditus,</span> <span class='ocrx_word' id='word_1_463' title='bbox 783 1478 819 1489; x_wconf 76' lang='lat' dir='ltr'>non</span> <span class='ocrx_word' id='word_1_464' title='bbox 833 1472 869 1489; x_wconf 86' lang='lat' dir='ltr'>nisi</span> <span class='ocrx_word' id='word_1_465' title='bbox 881 1472 969 1495; x_wconf 89' lang='lat' dir='ltr'>ponderis</span> <span class='ocrx_word' id='word_1_466' title='bbox 984 1478 1044 1494; x_wconf 70' lang='lat' dir='ltr'>causa,</span> <span class='ocrx_word' id='word_1_467' title='bbox 1057 1472 1075 1489; x_wconf 91' lang='lat' dir='ltr'>in</span> <span class='ocrx_word' id='word_1_468' title='bbox 1088 1478 1145 1495; x_wconf 79' lang='lat' dir='ltr'>oppo-</span> 
     </span>
    </p>
   </div>
  </div>
 </body>
</html>
