1308 1835
200 211 249 230 1333]
406 219 429 230 ΑΒ
445 219 499 231 Anno
515 219 632 231 mcccxxxvi
650 218 716 233 usouss
733 219 757 230 Au
774 218 843 230 ΛΜΗ-νη
858 217 929 229 mecm„
1099 215 1131 231 421

244 254 272 271 Ad
282 260 346 272 nonum
358 255 453 272 articulum
467 256 498 278 qui
507 256 549 272 talis
560 259 588 272 est
600 262 604 272 z
619 262 627 271 a
641 256 705 272 Utrum
717 255 825 272 catholicum
840 261 863 272 an
876 254 975 272 hereticum
991 254 1020 272 vel
1034 260 1131 272 erroneum

199 288 223 305 sit
237 288 298 305 dicere
314 287 363 311 quod
376 288 425 305 Deus
442 291 545 305 remunerat
562 288 638 305 animam
654 288 714 305 statim
728 292 771 311 post
785 292 862 305 mortem
878 291 965 311 quantum
983 293 1037 311 capax
1054 291 1088 309 est,
1103 288 1132 305 vel

199 321 252 344 punit
264 327 303 338 eam
317 325 403 344 quantum
417 327 473 344 capax
483 324 511 338 est
519 328 534 342 »,
549 327 613 338 omnes
628 321 672 338 dicti
686 321 756 338 domini
771 322 852 345 magistri
868 322 1001 345 respondentes
1018 321 1133 338 concorditer

198 354 290 375 dixerunt=
307 354 375 371 dictum
389 354 485 371 articulum
504 357 559 377 prout
569 354 619 377 jacet
634 354 657 370 de
674 354 741 371 virtute
755 355 846 371 sermonis
861 360 902 372 esse
919 361 1023 372 erroneum.
1043 355 1132 371 Dominus

198 391 258 405 autem
272 388 422 410 archiepiscopus
437 387 596 410 Rhotomagensis,
610 387 693 410 magistri
708 387 817 407 Bertaudus,
834 388 937 404 Ber-nardus
949 391 967 405 et
978 388 1070 405 Arnaldus
1082 388 1132 404 dixe-

198 424 242 438 runt
260 421 321 443 ipsum
342 421 437 437 articulum
456 426 498 437 esse
519 426 617 437 erroneum
635 420 756 443 intelligendo
775 420 797 437 de
815 421 874 437 anima
892 426 929 437 uon
943 424 1029 444 purgatam
1050 421 1091 438 item
1110 421 1132 437 de

198 457 275 477 purgata
289 453 410 477 intelligendo
424 454 446 471 de
460 453 606 471 remuneratione
619 453 734 475 accidentali;
749 453 792 470 item
805 453 858 470 etiam
871 453 992 476 intelligendo
1002 454 1025 471 de
1034 454 1132 477 capacitate

198 487 285 508 naturali;
299 487 342 504 item
357 487 380 504 de
395 487 492 510 capacitate
506 487 608 510 propinqua
625 493 660 510 que
678 490 706 504 est
722 487 823 503 secundum
840 486 928 503 demerita
941 487 961 503 in
976 487 1041 503 ordine
1056 487 1079 503 ad
1092 487 1132 510 ipsa

199 520 308 543 simpliciter
319 524 339 538 et
352 520 436 538 absolute
450 524 528 544 sumpta.
544 521 575 538 Set
589 520 682 544 loquendo
697 520 720 537 de
734 520 792 538 anima
806 523 881 543 purgata
894 523 912 536 et
924 520 995 543 premio
1009 520 1102 537 essentiali
1115 523 1132 537 et

199 554 296 577 capacitate
310 554 412 577 propinqua
426 554 444 571 in
460 554 525 571 ordine
539 554 562 571 ad
576 554 642 571 dictam
659 554 799 577 dispositionem
815 559 852 570 non
868 556 952 576 reputant
965 553 1060 570 articulum
1078 554 1131 570 istum

199 593 303 609 erroneum,
312 591 342 605 set
350 587 467 610 opinabilem.
476 588 546 604 Deinde
556 591 631 610 propter
641 587 706 604 dictam
717 587 853 604 distinctionem
864 586 895 603 alii
903 586 987 609 magistri
995 586 1109 609 interrogati,
1117 587 1132 603 si

199 620 286 637 volebant
295 621 364 643 aliquid
374 620 441 637 addere
451 621 568 643 responsioni
579 626 612 644 per
621 626 654 638 eos
663 621 717 641 facte,
727 621 813 637 dixerunt
822 620 871 643 quod
881 626 925 637 non.

244 653 272 670 Ad
283 653 369 670 decimum
381 653 476 670 articulum
489 654 519 676 qui
533 657 562 671 est
570 654 625 671 talis:
635 661 643 670 ι(
655 654 718 671 Utrum
732 653 840 671 catholicum
851 660 873 671 an
883 653 984 670 hereticum
995 653 1024 670 vel
1036 658 1132 670 erroneum

199 687 223 703 sit
237 686 298 703 dicere
313 687 363 709 quod
380 687 441 709 angeli
458 693 495 703 non
508 687 614 704 desiderant
627 687 734 710 prospicere
748 687 878 704 humanitatem
896 687 991 708 Christi»,
1009 692 1073 704 omnes
1089 686 1133 703 dicti

199 720 282 743 magistri
292 720 409 737 concorditer
418 720 553 743 respondentes
563 720 649 737 dixerunt
658 720 718 743 ipsum
728 720 824 737 articulum
834 726 875 737 esse
886 726 983 737 erroneum
994 724 1012 737 et
1021 720 1091 737 salsum.

243 753 272 770 Ad
282 753 391 770 undecimum
400 753 495 769 articulum
505 753 536 775 qui
546 753 588 770 talis
597 756 637 770 est:
648 760 656 768 α
664 754 729 770 Utrum
740 753 847 770 catholicum
858 759 880 770 an
890 753 990 770 hereticum
998 753 1027 770 vel
1036 759 1133 770 erroneum

199 786 223 803 sit
232 786 293 803 dicere
304 786 353 809 quod
364 786 441 809 angelus
450 786 478 803 vel
489 786 547 803 anima
557 792 595 803 non
604 786 698 803 desideret
708 786 777 809 aliquid
786 786 864 803 inferius
873 792 894 803 se
902 793 918 808 n,
927 786 1060 809 responderunt
1070 792 1134 803 omnes

199 819 243 836 dicti
254 819 337 842 magistri
346 820 457 836 unanimiter
467 822 485 836 et
494 819 554 842 ipsum
564 818 659 836 articulum
671 819 756 836 dixerunt
766 825 807 836 esse
816 825 914 836 erroneum
923 823 940 836 et
948 819 1020 836 falsum.

245 853 271 869 De
284 852 352 875 quibus
366 852 451 869 omnibus
465 852 576 875 supradictis
589 852 670 875 prefatus
685 852 771 869 dominus
783 852 894 869 camerarius
907 853 997 870 mandavit
1011 853 1064 870 michi
1079 853 1133 869 infra-

200 886 269 908 scripto
280 886 350 903 nomio
363 886 422 903 facere
432 892 489 903 unum
499 886 528 903 vel
537 885 590 908 plura
600 885 673 908 publica
683 885 810 902 instrumenta*

244 919 288 936 Acta
305 919 378 936 fuerunt
392 919 426 936 hec
442 925 497 941 anno,
514 919 621 940 indictione,
638 919 750 942 pontificatu,
769 919 798 936 die
815 922 834 936 et
846 919 888 936 loco
904 919 998 942 predictis,
1016 919 1133 943 presentibus

199 952 278 970 testibus
291 952 377 970 discretis
387 952 432 970 viris
442 952 522 970 dominis
534 952 601 969 Jacoho
613 953 635 969 de
650 952 713 969 Sancta
722 952 810 974 Victoria,
821 952 915 976 preposito
926 952 1003 970 ecclesie
1015 953 1076 970 Sancti
1085 953 1134 969 Petri

199 985 222 1002 de
232 986 326 1007 Mansano,
338 986 423 1003 Astensis
434 985 520 1007 diocesis,
531 989 549 1002 et
559 985 629 1003 Ruffino
641 985 663 1002 de
674 985 751 1007 Ficeclo,
764 989 834 1003 rectore
843 985 922 1003 ecclesie
932 986 992 1003 Sancti
1000 986 1069 1003 Nicolai
1079 991 1134 1009 supra

199 1019 275 1036 Fossata
288 1018 423 1040 Atrebatencia,
436 1018 459 1035 ad
472 1019 562 1041 premissa
576 1019 652 1040 vocatis,
665 1022 683 1036 et
697 1024 725 1035 me
740 1018 840 1036 Guillelmo
853 1019 876 1036 de
890 1018 963 1036 Petrilia
976 1019 1047 1036 notario
1060 1019 1133 1042 publico

199 1052 321 1075 infrascripto.

244 1086 323 1108 Postque
343 1091 398 1106 anno,
411 1085 511 1102 indictione
526 1088 543 1102 et
558 1085 663 1108 pontificatu
677 1085 744 1108 quibus
757 1091 818 1108 supra,
833 1085 862 1102 die
875 1086 953 1108 septima
965 1085 1049 1108 ejusdem
1063 1085 1133 1102 mensis

200 1118 313 1142 Septembris
324 1118 415 1135 Avinione
429 1118 447 1135 in
461 1118 545 1141 hospicio
555 1118 619 1141 prefati
632 1118 701 1135 domini
710 1119 793 1141 episcopi
806 1118 915 1139 Penestrini,
929 1124 988 1135 coram
1003 1118 1082 1135 dominis
1095 1118 1133 1141 epi-

199 1152 261 1175 scopis
269 1155 287 1169 et
296 1152 396 1169 camerario
405 1152 523 1175 supradictis,
531 1152 649 1174 presentibus
656 1152 726 1169 eisdem
735 1151 820 1169 omnihus
829 1152 907 1168 dominis
916 1150 1009 1175 magistris
1019 1151 1041 1168 ad
1051 1151 1084 1168 hec
1092 1157 1133 1174 spe-

199 1185 270 1202 cialiter
278 1185 429 1208 congregatis„ac
437 1185 489 1202 etiam
497 1188 583 1208 presente
590 1185 646 1202 fratre
653 1184 738 1202 Eniundo
745 1184 874 1206 Manescallin,
881 1185 966 1208 Anglico,
975 1184 1051 1202 Ordinis
1058 1185 1133 1202 fratrum

199 1219 298 1239 Minorum,
310 1219 414 1242 supradicto
425 1222 511 1241 precepto
522 1218 569 1236 sicut
578 1219 644 1236 factum
654 1219 713 1235 fuerat
722 1219 763 1235 aliis
773 1218 866 1242 magistris
876 1218 934 1235 eidem
947 1218 998 1235 fratri
1009 1218 1091 1235 Emundo
1101 1212 1139 1241 per*

199 1252 288 1275 prefatum
302 1252 395 1269 dominum
406 1252 529 1269 Tusculanum
543 1252 649 1275 episcopum
662 1251 786 1269 verhothenus
800 1252 853 1272 sacto,
866 1252 900 1268 fuit
911 1257 1017 1274 processum
1029 1255 1047 1268 et
1056 1257 1133 1274 respon—

200 1291 240 1301 sum
250 1285 273 1301 ad
283 1285 418 1307 subsequentes
429 1285 515 1302 articulos
526 1285 544 1302 in
554 1285 602 1302 hunc
613 1285 698 1302 modum:

245 1318 273 1335 Ad
286 1318 408 1335 duodecimum
423 1318 518 1335 articulum
533 1318 564 1341 qui
579 1318 621 1336 talis
630 1322 670 1336 est:
680 1325 688 1334 re
697 1319 761 1336 Utrum
774 1318 882 1335 catholicum
896 1324 918 1335 an
930 1318 1029 1335 hereticum
1043 1318 1071 1335 vel
1083 1324 1133 1335 erro-

199 1357 254 1368 neum
269 1351 293 1368 sit
306 1351 367 1368 dicere
380 1351 430 1374 quod
443 1352 502 1368 anime
516 1355 578 1369 sancte
591 1352 656 1369 nolunt
669 1352 723 1369 modo
737 1351 810 1373 habere,
824 1355 852 1369 set
861 1352 880 1368 in
891 1351 920 1369 die
929 1351 995 1375 judicii
1006 1352 1082 1375 gloriam
1092 1357 1133 1368 cor-

199 1385 251 1408 poris
261 1392 277 1406 »,
290 1385 380 1402 dictorum
395 1385 509 1402 dominorum
522 1385 650 1408 magistrorum
663 1386 737 1402 suerunt
748 1385 821 1402 diverse
833 1385 930 1408 opiniones
942 1385 1044 1406 discordes,
1057 1385 1132 1408 quibus-

200 1418 241 1435 dam
256 1418 360 1435 dicentibus
375 1418 470 1435 articulum
485 1418 539 1435 istum
555 1424 658 1439 erroneum,
673 1418 713 1435 aliis
728 1418 793 1435 falsum
807 1421 825 1435 et
838 1419 961 1439 temerarium,
975 1418 1016 1435 aliis
1030 1418 1133 1435 dicentibus

200 1451 260 1474 ipsum
271 1451 366 1468 articulum
376 1457 446 1473 verum,
457 1451 498 1469 aliis
507 1451 665 1474 distinguentibus
676 1451 698 1468 de
708 1451 787 1474 appetitu
800 1451 883 1472 naturali,
894 1455 912 1468 et
922 1452 943 1468 de
954 1452 1033 1474 appetitu
1045 1451 1101 1468 relato
1111 1451 1132 1468 ad

200 1484 335 1501 ordinationem
344 1484 431 1506 divinam,
441 1488 460 1502 et
468 1490 531 1501 verum
542 1485 561 1502 in
570 1484 634 1501 ultimo
645 1490 708 1501 sensu.
