1308 1835
161 195 196 212 588
452 200 612 212 annrvmmim
627 200 723 212 vmvrns.
741 200 806 213 ranis.
1044 196 1094 215 [1346

161 238 281 261 astringimus
295 238 324 254 et'
339 237 403 254 famam
420 237 479 260 ipsius
496 236 587 254 celebrem
600 237 678 254 diffundi
692 243 725 260 per
738 237 800 254 orbem
815 237 900 255 diffusius
916 238 1026 259 affectamus,
1045 242 1093 255 tanto

163 271 227 294 procul
239 271 295 287 dubio
306 270 389 287 dolemus
399 270 477 287 amarius
488 273 506 287 et
515 270 589 293 gravius
601 270 620 287 in
632 270 702 288 intimis
715 271 814 292 anxiamur,
825 277 865 288 cum
878 271 901 288 de
912 271 954 294 ipso
963 271 1038 288 sinistra
1047 271 1094 288 fame

162 304 268 326 hujusmodi
282 303 381 321 claritatem
396 303 521 321 obnubilantia
536 304 647 321 reseruntur*
664 304 701 321 Hec
716 303 796 327 quidem,
811 303 850 325 filii,
863 310 896 327 pro
908 307 958 321 tanto
972 304 1094 327 presumimus

163 337 211 360 quia,
222 337 269 354 sicut
279 337 334 354 habet
342 337 477 360 fidedignorum
487 337 555 354 relacio
567 337 684 360 displicibilis
696 341 715 354 et
727 337 798 359 infesta,
813 337 833 354 in
848 337 911 354 eodem
926 337 994 359 studio,
1009 337 1058 360 quod
1072 337 1094 354 ab

162 370 236 393 antiquo
247 374 331 393 tanquam
342 370 410 387 flumen
419 376 466 393 aque
474 370 516 388 vive
527 371 644 393 splendidum
654 374 674 387 ut
683 370 775 388 cristallus
782 376 865 388 verarum
875 370 959 387 ubertaet
967 370 1093 392 scientiarum,

162 406 257 420 venustate
267 409 338 420 morum
351 404 464 426 aliarumque
476 404 562 422 varietate
575 404 661 421 virtutum
675 404 766 421 inundans
779 407 798 421 et
810 404 899 421 civitatem
915 404 956 425 Dei7
972 403 1094 421 universalem

161 437 247 454 videlicet
256 437 359 459 ecclesiam,
374 437 462 454 letificans
476 437 561 454 salutaris
577 443 619 454 rore
633 436 716 454 doctrine
730 437 829 454 secundare
838 437 913 454 uberius
927 437 1029 458 consuevit,
1039 437 1094 454 rudes

162 470 256 492 erudiens,
266 474 329 488 acutos
339 470 417 494 amplius
427 477 495 488 acuens
504 474 523 488 et
532 471 596 488 doctos
606 471 687 493 efficiens
699 477 743 488 vere
756 471 837 488 claritate
849 471 926 488 scientie
936 471 1028 492 doctores,
1039 477 1094 493 nunc,

162 504 208 527 proh
218 504 277 525 dolor,
288 510 297 521 a
307 504 423 521 scientiarum
434 504 516 525 veritate,
530 504 548 520 iu
561 510 596 527 qua
608 504 668 527 ipsum
682 504 734 521 dator
747 510 838 527 supernus
853 504 951 527 gratiarum
965 507 984 521 et
998 510 1094 521 munerum

162 541 260 559 creaverat,
278 538 296 554 in
311 537 403 560 aliquibus
419 537 472 560 quasi
486 537 601 560 degenerans
615 543 635 554 se
652 537 694 554 dare
710 537 757 560 cepit
774 537 896 554 detractorum
910 537 964 554 labiis
981 543 1022 554 cum
1036 537 1094 555 fetore

161 570 234 587 infamio
244 571 368 588 lacerandum.

207 605 251 621 Nam
261 604 346 621 nonnulli
356 604 440 627 magistri
450 607 469 621 et
478 604 559 621 scolares
570 604 634 621 artium
651 607 668 621 et
683 604 799 627 philosophie
808 604 891 621 scientiis
901 604 1008 621 insudantes
1020 603 1094 625 ibidem,

161 638 242 655 dimissis
255 641 273 655 et
286 637 394 661 contemptis
408 637 522 660 philosophi’
539 640 557 654 et
570 637 647 654 aliorum
661 637 788 661 magistrorum
804 640 822 654 et
838 637 963 661 expositorum
978 637 1094 660 antiquorum

161 671 247 692 textibus,
258 677 305 694 quos
315 671 369 694 sequi
379 670 468 688 deberent
477 671 496 688 in
506 674 592 694 quantum
602 670 646 688 fidei
656 671 745 688 catholice
759 677 795 688 non
809 670 889 692 obviant,
903 677 923 688 ae
935 671 984 688 veris
997 671 1095 694 expositio-

162 704 216 721 nibus
226 707 243 721 et
256 704 359 727 scripturis,
373 704 440 727 quibus
452 704 526 721 fulcitur
540 704 580 727 ipsa
596 704 677 725 scientia,
689 704 710 721 ad
726 704 771 721 alias
785 704 844 721 varias
861 707 878 721 et
893 707 987 721 extraneas
1004 704 1095 721 doctrinas

161 737 277 760 sophisticas,
288 743 324 760 que
334 738 353 754 in
363 737 472 760 quibusdam
482 737 523 754 aliis
534 737 596 754 doceri
606 737 692 754 dicuntur
701 737 784 759 studiis‘,
794 741 813 754 et
822 737 932 760 oppiniones
941 741 1050 761 apparentes
1059 744 1096 755 non

162 771 260 788 existentes
271 774 289 788 et
298 771 381 792 inutiles,
392 774 410 788 et
419 777 441 788 ex
451 771 517 794 quibus
528 771 598 788 fructus
607 777 645 788 non
656 771 730 794 capitur,
742 777 762 788 se
772 774 885 792 convertunt,
896 771 976 788 studium
988 771 1095 794 predictum,

156 797 170 822 ¹a
180 811 217 827 quo
226 804 277 822 velut
286 804 397 827 precellente
410 810 429 821 ac
441 804 544 821 dominante
558 804 598 822 aliis
611 804 697 827 fonteque
712 804 753 822 vivo
768 805 835 822 fluenta
849 804 966 822 scientiarum
980 808 999 821 et
1013 805 1095 822 doctrine

158 838 233 855 ‘haurire
248 838 332 855 solebant
346 841 405 855 cetera
418 838 488 860 studia,
502 838 606 861 peregrinis
620 838 722 855 inherendo
734 838 865 861 oppinionihus
879 844 956 861 persepe
969 838 1065 855 inutilibus
1078 842 1096 855 et

162 872 244 889 erroneis
254 875 341 894 quantum
352 871 370 888 in
381 871 408 889 eis
418 875 446 889 est
455 872 507 895 quasi
516 871 600 889 faciendo
608 871 681 889 servile.

206 905 291 928 Plerique
301 911 375 928 quoque
385 905 474 928 theologi,
485 905 534 928 quod
544 905 649 922 deflendum
660 908 688 922 est
698 905 782 927 amarius,
793 905 816 922 de
828 908 877 922 textu
892 905 957 926 Biblie,
973 905 1094 928 originalibus

162 942 180 955 et
190 938 243 955 dictis
255 942 358 955 sanctorum
369 944 389 955 ac
399 938 493 955 doctorum
504 938 651 962 expositionibus
662 939 690 961 (ex
698 930 765 961 quihus
780 944 821 956 vera
837 938 867 955 illa
881 939 980 961 acquiritur
996 938 1094 961 theologia,

162 972 191 988 cui
201 978 238 989 non
248 972 384 989 attribuendum
393 975 421 989 est
431 972 517 995 quicquid
530 971 552 989 ab
564 972 669 988 hominibus
684 972 727 989 sciri
742 975 808 995 potest,
823 971 854 988 ubi
869 972 921 995 plane
936 972 996 989 nulla‘
1010 972 1095 989 vanitatis

163 1008 180 1022 et
190 996 300 1022 curiositatis
311 1005 364 1022 noxia
374 1005 472 1028 reperitur,
482 1005 515 1022 sed
524 1005 559 1022 hoc
570 1011 606 1028 quo
616 1005 663 1022 sides
672 1005 797 1025 saluberrima,
809 1011 844 1028 que
854 1005 877 1022 ad
887 1011 948 1022 veram
959 1005 1009 1023 ducit
1018 1005 1095 1022 heatitu-

162 1038 229 1060 dinem,
240 1038 316 1055 initatur
325 1038 463 1061 (sic)‚gignitur,
473 1038 570 1055 roboratur
577 1042 595 1055 et
605 1038 715 1061 defenditur)
725 1044 762 1055 non
771 1042 862 1060 curantes,
876 1038 1008 1062 philosophicis
1016 1039 1095 1062 questio-

162 1072 216 1089 nibus
227 1075 244 1089 et
253 1071 294 1089 aliis
303 1071 383 1089 curiosis
393 1072 547 1094 disputationibus
558 1075 576 1089 et
583 1072 674 1095 suspectis
682 1072 814 1095 oppinionihus
826 1072 951 1095 doctrinisque
962 1072 1066 1095 peregrinis
1077 1075 1096 1089 et

161 1105 216 1123 variis
227 1111 247 1122 se
257 1105 360 1126 involvunt,
370 1111 407 1122 non
417 1109 502 1122 verentes
512 1105 530 1122 in
541 1105 578 1122 illis
588 1105 691 1128 expendere
701 1105 742 1122 dies
755 1111 804 1127 suos,
819 1111 854 1128 que
868 1111 902 1122 nec
915 1105 964 1122 dorni
980 1111 1014 1123 nec
1031 1105 1095 1122 militie

162 1144 196 1156 nec
209 1138 277 1156 alicubi
290 1138 385 1162 prosunt‘,
397 1142 416 1155 et
428 1138 521 1156 ommissis
539 1138 648 1156 necessariis
663 1144 774 1162 supervacua
789 1139 855 1156 docere
869 1142 887 1155 et
902 1138 963 1155 dicere
977 1141 1063 1161 satagunt
1076 1139 1095 1155 in

163 1176 209 1189 tanta
220 1172 307 1195 temporis
318 1174 406 1195 egestate,
417 1172 444 1189 sic
453 1171 509 1195 quod,
519 1172 569 1189 unde
582 1172 671 1189 deberent
685 1172 759 1195 prodire
773 1172 843 1189 fructus
857 1171 924 1188 uberes
935 1171 982 1188 sicut
996 1171 1095 1195 antiquitus

163 1205 266 1222 reficientes
280 1205 345 1222 fideles
360 1205 492 1222 delectabiliter
506 1205 528 1222 ad
541 1205 624 1226 salutem,
639 1205 726 1228 pestifera
740 1205 823 1228 pululant
835 1204 944 1228 quandoque
958 1205 1035 1226 semina,
1045 1208 1063 1222 et
1076 1205 1095 1222 in

163 1238 284 1262 perniciosam
295 1242 383 1261 segetem,
393 1238 416 1255 de
426 1244 462 1261 quo
473 1239 554 1261 profecto
564 1238 664 1255 dolendum
673 1241 707 1259 est,
719 1238 824 1255 coalescunt
831 1238 843 1255 ⁷.

207 1272 284 1293 Rursus,
294 1278 334 1288 curn
345 1271 394 1289 veris
404 1271 487 1288 scientiis
496 1271 602 1294 hujusmodi
612 1271 698 1294 legendo,
709 1271 799 1288 audiendo
815 1268 832 1288 et
848 1271 939 1289 studendo
953 1275 1004 1289 esset
1015 1278 1025 1295 a
1039 1272 1096 1295 magi-

163 1305 206 1322 stris
216 1308 235 1322 et
243 1301 345 1322 scolaribus
356 1304 432 1328 predicti
443 1304 499 1321 studii
509 1305 558 1321 curis
569 1304 646 1321 solicitis
657 1304 742 1321 continue
753 1305 881 1326 insistendum,
890 1308 908 1322 et
914 1305 1020 1328 frequentes
1028 1311 1096 1322 convo-

162 1338 243 1355 cationes
253 1344 286 1355 seu
291 1338 450 1361 *congregationes
459 1341 494 1355 tam
505 1338 601 1361 speciales,
612 1338 709 1355 occasione
719 1338 812 1355 nationum
822 1342 841 1355 et
849 1338 958 1360 facultatum⁷
973 1344 1027 1361 quam
1042 1339 1095 1355 etiam

162 1371 258 1395 generales
270 1371 322 1393 fiunt,
338 1372 388 1395 quod
400 1374 436 1389 tam
451 1371 481 1389 die
497 1371 527 1389 illa
543 1378 578 1395 qua
594 1372 748 1395 congregationes
762 1376 781 1389 et
794 1372 934 1390 convocationes
948 1372 989 1389 fieri
1004 1371 1096 1395 contingit

163 1405 274 1429 hujusmodi,
294 1411 346 1428 quam
364 1406 455 1429 sequenti,
470 1405 573 1429 perduntur
586 1409 605 1423 et
620 1405 745 1429 impediuntur
759 1406 854 1427 lectiones,
869 1406 1008 1429 disputationes,
1029 1409 1047 1423 et
1065 1406 1096 1422 alii

163 1443 213 1456 actus
234 1438 332 1460 scolastici,
351 1445 371 1456 ac
391 1439 424 1460 illi,
444 1439 475 1462 qui
494 1439 583 1456 deberent
601 1439 696 1462 proficere,
715 1439 828 1456 infructuose
850 1442 869 1456 ut
886 1439 983 1462 plurimum
1000 1442 1097 1456 transeunt

163 1475 235 1496 tempus
244 1478 307 1495 suurn3
318 1476 398 1490 ceterum
409 1479 431 1490 ex
441 1478 462 1490 eo
473 1473 521 1495 quod
531 1473 551 1490 in
561 1472 631 1490 eisdem
644 1472 806 1490 convocationibus
820 1476 837 1489 et
850 1472 1025 1495 congregationibus
1039 1471 1096 1495 aliqui
