1308 1835
161 202 194 219 566
450 206 609 218 ommni-nunu
626 206 722 218 umvsns.
739 206 803 218 mais.
1042 201 1092 219 [1345

163 264 174 282 1
179 263 234 282 109.
246 266 331 285 composino
339 266 414 284 definitiva
422 266 459 279 inm
469 266 576 280 minuitatem
583 266 681 280 Parisiemem
689 268 702 279 se
709 268 790 280 conventum
799 267 813 280 s.
823 267 890 280 ommam*
897 266 915 280 de
922 267 975 280 rmus.

759 308 798 323 1³⁴5,
805 308 866 323 ,tu-1112.
873 307 949 325 [701an.

205 344 301 362 Universis
321 347 417 367 presentes
432 344 502 361 litteras
519 344 630 367 inspecturis
647 345 748 362 Johannes‘
767 344 888 368 permissione
908 344 968 361 diw'na
987 344 1092 361 monasterii

162 378 222 395 Sancti
235 378 322 395 Germani
335 377 358 394 de
372 377 430 394 Pratis
441 378 491 400 juxta
505 377 585 395 Parisius
599 377 654 395 abbas
668 377 742 395 humilis
754 381 839 401 totusque
851 377 934 400 ejusdem
946 377 981 394 loci
992 381 1092 394 conventus

161 411 237 428 salutem
247 411 266 427 in
277 410 355 428 Domino
369 410 505 434 sempiternam.
518 412 584 428 Notum
598 411 673 428 facimus
686 410 735 433 quod
745 416 786 427 cum
795 416 849 428 causa
858 414 961 428 verteretur
969 410 1018 427 inter
1027 416 1061 427 nos
1071 412 1092 427 ex

161 450 197 461 una
204 447 255 467 parte
263 447 281 461 et
291 444 428 461 universitatem
437 444 567 468 magistrorum
574 447 593 461 et
600 444 696 461 scolarium
705 444 786 461 Parisius
794 444 906 461 studentium
914 450 937 461 ex
943 444 1000 461 altera
1007 449 1063 467 super
1070 449 1092 461 eo

161 478 209 500 quod
221 478 267 494 dicta
278 478 391 495 Universitas
402 478 476 500 petebat
484 484 494 494 a
504 477 558 494 nobis
566 477 660 500 religiosis
669 477 728 494 eidem
739 477 858 494 Universitati
868 478 952 494 satisfieri
963 478 986 494 de
996 478 1093 500 arreragiis

161 511 298 533 quatuordecim
308 511 395 528 librarum
407 510 503 533 parisiens.
514 510 573 527 eidem
583 511 701 528 Universitati
711 511 803 527 aunuatim
813 516 822 527 a
832 510 886 527 nobis
897 511 998 528 debitarum
1007 517 1042 527 una
1052 517 1092 527 cum

161 544 214 566 penis
225 543 248 560 ob
258 544 349 561 desectum
359 543 457 561 solutionis
468 544 571 560 commissis
578 550 589 560 a
596 547 678 566 tempore
689 544 819 567 quinquaginta
830 544 907 560 dne-rum
916 549 1012 564 annorum,
1022 549 1092 561 necnon

161 577 218 593 dictas
229 577 366 600 quatuordecim
377 576 433 593 libras
444 576 535 593 annuatim
543 577 602 593 eidem
611 577 735 598 Universitati,
746 580 765 594 ut
774 577 871 599 prefertur,
882 576 952 593 debitas
963 582 972 593 a
984 576 1038 593 nubis
1046 576 1093 593 solvi

159 610 279 633 imposterum
290 610 369 633 singulis
380 609 432 626 annis
443 616 482 626 cum
493 610 546 632 penis
556 610 632 632 adjectis
641 610 692 632 juxta
702 613 784 627 tenorem
796 610 890 632 cujusdam
901 610 1039 632 compositionis
1050 609 1092 627 olim

159 643 205 660 facte
219 646 236 660 et
249 643 294 659 inite
306 643 355 659 inter
368 648 402 659 nos
416 643 514 666 religiosos
528 646 546 659 et
560 643 700 660 Universitatem
716 643 750 660 sub
763 643 830 666 sigillis
844 643 912 660 nostris
926 646 943 660 et
958 643 1092 664 Universitau's,

160 675 313 698 postmodumque
325 675 432 692 confirmate
446 681 479 698 per
490 676 552 692 inclite
565 676 697 693 recordationis
710 676 803 693 dominum
816 676 919 699 Philippum
931 679 972 693 tunc
983 676 1092 693 Francorum

160 715 222 732 regem
230 709 249 725 in
259 714 299 725 cera
310 709 364 726 viridi
375 712 392 725 et
402 709 439 726 filis
449 709 520 729 sericis,
531 712 585 732 prout
597 709 615 725 in
625 709 692 726 litteris
701 715 757 732 super
766 709 801 726 hoc
812 709 900 726 confectis
909 709 942 726 hec
953 709 1026 732 plenius
1035 709 1093 726 conti-

160 743 244 762 nentur‘;
256 742 310 759 nobis
320 748 364 759 vero
380 748 401 759 ex
416 742 493 759 adverso
506 742 632 759 asserentibus
644 746 662 760 et
675 742 779 759 dicentibus
790 742 813 759 ad
824 742 857 759 hee
868 742 941 759 minime
951 748 986 759 nos
997 742 1061 764 teneri,
1071 748 1094 759 ex

159 781 181 793 eo
193 778 209 792 et
220 781 253 798 pro
263 781 286 792 eo
298 775 349 798 quod
362 775 410 792 dicta
421 775 537 798 compositio,
548 775 564 792 si
576 781 656 798 unquam
667 775 712 792 facta
724 775 784 796 fuerit,
795 776 841 793 facta
852 775 910 793 fuisse
919 775 987 793 dicitur
994 776 1031 798 jam
1040 775 1093 798 quin-

160 809 246 832 quaginta
260 808 332 826 duobus
346 809 398 826 annis
409 809 483 832 elapsis,
494 815 528 826 nec
541 809 560 826 in
573 808 705 826 observantiam
719 808 741 826 ab
754 809 840 826 alterutra
853 809 930 832 partium
943 815 1022 832 unquam
1035 809 1094 826 suerat

160 842 268 863 introducta,
280 842 366 865 quodque
378 848 410 865 per
419 842 560 859 Universitatem
570 842 669 865 predictam
681 842 742 865 potius
755 845 829 859 steterat
842 848 894 865 quam
907 848 939 865 per
949 848 983 859 nos
996 842 1094 865 religiosos

160 876 253 898 predictos
266 876 364 898 quominus
378 879 484 892 conservata
498 875 578 896 suisset'„
593 879 610 892 et
623 876 738 892 considerato
751 875 814 898 elapsu
829 876 873 892 tanti
884 876 972 898 temporis
986 879 1003 892 et
1017 876 1094 898 impedi-

160 909 226 926 mentis
238 914 271 932 per
284 909 349 925 dictam
359 909 500 926 Universitatem
514 909 533 925 in
546 909 656 925 contrarium
669 908 765 931 appositis,
778 915 787 925 a
800 909 847 925 dicta
858 909 945 931 petitione
959 908 1039 931 predicta
1050 909 1094 925 Uni-

160 942 236 959 versitas
247 942 337 959 desistere
349 942 433 963 debebat,
444 942 567 958 Universitate
577 942 659 964 predicta
668 942 779 958 contrarium
788 945 888 959 asserente.

204 975 285 992 Tandem
295 975 381 998 pluribus
390 975 540 992 altercationibus
549 974 641 991 hincinde
652 974 719 991 habitis
729 981 761 997 pro
774 974 822 991 bono
834 975 882 998 pacis
892 975 940 992 inter
949 980 984 991 nos
994 974 1093 998 religiosos

160 1008 253 1031 predictos
269 1012 288 1025 et
304 1008 445 1025 Universitatem
462 1008 561 1031 predictam
577 1008 706 1025 concordatum
722 1008 781 1025 extitit
793 1008 813 1024 in
826 1008 875 1025 hunc
891 1008 965 1025 modum
982 1008 1031 1031 quod
1047 1008 1094 1025 dieta

159 1041 268 1064 compositio
282 1042 334 1064 cujus
348 1044 401 1058 tenor
414 1041 497 1064 sequitur
509 1041 527 1057 in
541 1041 574 1058 hec
587 1041 642 1058 verba
652 1047 673 1058 1«
686 1041 781 1058 Universis
793 1044 889 1064 presentes
901 1041 970 1058 litteras
982 1041 1094 1064 inspecturis

159 1074 253 1091 Johannes
267 1074 389 1097 permissione
406 1074 467 1091 divina
483 1074 590 1091 monasterii
606 1074 667 1091 Sancti
682 1074 767 1091 Germani
784 1074 880 1091 de-Pratis
895 1074 1004 1091 Parisiensis
1019 1074 1093 1091 humilis

161 1107 226 1124 abbas‘
238 1114 254 1128 ι),
268 1110 309 1129 etc.⁷
325 1107 428 1124 servabitur
442 1107 484 1124 hine
497 1107 546 1128 inde,
557 1110 575 1124 et
587 1107 631 1124 fient
639 1107 758 1124 limitationes
772 1108 790 1124 in
806 1107 846 1130 ipsa
859 1107 993 1130 compositione
1008 1111 1094 1124 contente

161 1141 233 1157 realiter
243 1144 262 1157 et
272 1140 295 1157 de
308 1141 356 1157 facto
369 1140 439 1163 absque
449 1140 578 1163 impedimento
588 1140 610 1157 ab
620 1140 705 1157 alterutra
716 1141 793 1163 partium
804 1140 908 1163 prestando,
923 1141 943 1157 Et
953 1141 969 1157 si
978 1140 1094 1163 contingeret

160 1174 279 1196 imposterum
290 1180 323 1196 per
332 1174 437 1191 alterutram
448 1174 524 1196 partium
537 1177 600 1190 contra
609 1174 675 1190 dictam
686 1174 838 1196 compositionem
847 1173 915 1196 aliquid
925 1173 1034 1196 attemptari,
1044 1173 1094 1196 quod

160 1212 193 1229 per
204 1206 238 1223 hoc
253 1207 322 1224 nullum
335 1207 367 1229 jus
381 1207 398 1223 in
413 1207 498 1230 petitorio
510 1207 540 1224 vel
552 1207 669 1230 possessorio
681 1207 754 1224 facienti
766 1210 858 1229 queratur,
872 1212 906 1223 nec
914 1207 961 1229 parti
970 1206 1023 1223 alteri
1033 1207 1093 1229 preju-

160 1240 228 1257 dicium
237 1243 344 1263 generetur,
355 1240 391 1257 nisi
402 1243 492 1263 quatenus
502 1240 520 1256 in
530 1240 612 1263 presenti
622 1240 719 1257 concordia
729 1243 779 1256 esset
788 1239 857 1262 aliquid
867 1240 986 1257 immutatum.

204 1273 241 1289 Nos
256 1279 299 1290 vero
314 1273 397 1296 religy‘osi
413 1278 446 1295 pro
461 1273 552 1289 solutione
568 1273 691 1295 predictorum
705 1279 727 1289 ex
741 1276 791 1295 parte
805 1272 933 1290 Universitatis
945 1273 1043 1295 petitorum
1057 1276 1093 1290 tre-

159 1309 222 1322 centas
232 1305 297 1322 libras‘
311 1309 384 1322 monete
396 1312 445 1322 nunc
458 1306 549 1323 currentis
563 1306 622 1322 statim
633 1309 651 1322 et
661 1306 683 1322 de
693 1306 775 1328 presenti
787 1306 881 1328 posuimus
893 1306 912 1323 in
922 1312 976 1322 manu
989 1298 1092 1329 sequestr-¹⁴1⁵

159 1344 169 1355 a
181 1339 229 1355 dicta
238 1339 361 1356 Uuiversitate
376 1338 490 1361 recipiendas
503 1338 561 1355 libere
575 1342 593 1355 et
604 1338 697 1355 habendas
712 1339 761 1355 omni
774 1345 823 1356 mora
836 1343 853 1356 et
865 1339 995 1362 impedimento
1008 1339 1092 1359 sublatis,

159 1372 226 1389 habitis
235 1372 309 1389 licentia
320 1376 338 1389 et
348 1378 425 1389 assensu
435 1372 505 1389 domini
514 1372 573 1389 nostri
582 1378 629 1395 pape
638 1372 661 1389 de
671 1372 769 1389 donatione
779 1376 797 1389 et
807 1372 924 1389 translatione
932 1372 979 1395 juris
987 1376 1093 1395 patronatus

159 1405 277 1422 ecclesiarum
292 1406 370 1423 inferius
385 1405 535 1422 nominandarum
550 1411 583 1428 per
597 1412 631 1422 nos
646 1406 744 1429 religiosos
759 1406 817 1422 eidem
833 1405 950 1423 Universitati
964 1406 1016 1426 sacta,
1030 1408 1048 1422 et
1061 1411 1093 1428 per

159 1438 194 1456 hoc
210 1439 306 1456 occasione
326 1439 403 1462 predicti
422 1439 511 1462 temporis
530 1445 572 1462 erga
590 1439 729 1456 Universitatem
750 1439 848 1462 predictam
868 1439 940 1462 penitus
958 1437 1092 1455 remanebimus

156 1472 256 1493 immunes,
273 1478 306 1489 nec
322 1479 331 1489 a
347 1472 400 1489 nohis
417 1472 485 1495 aliquid
502 1472 550 1489 aliud
567 1472 663 1489 occasione
680 1472 802 1495 predictorum
819 1475 880 1495 petere
897 1471 964 1489 valebit
978 1471 1092 1488 Universitas
