1308 1835
210 211 259 229 1316]
287 213 290 215 ⁷
412 219 435 230 ΑΒ
452 218 505 230 nmo
521 218 638 230 nccrxxxw
656 218 722 233 usque
738 218 763 229 Au
780 217 849 228 ,mn-tm
866 217 937 228 necet.⁴
1109 216 1140 232 193

210 270 266 289 734.
276 275 341 288 Litterae
351 275 450 288 mmmmm
456 276 545 288 Pamfmis
552 275 570 289 aa
577 275 643 289 habendo
650 276 707 289 notario
713 275 776 294 putueo.

782 317 817 332 1316.
823 317 896 331 nec-mbas
903 317 915 332 4,
923 316 1000 334 [tarisir'cJ.

255 355 351 372 Universis
363 358 457 378 presentes
470 355 540 371 litteras
549 355 660 377 inspecturis
669 355 779 372 universitas
790 356 916 378 mafflstrorum
927 359 945 372 et
953 355 1051 372 scolarium
1061 355 1141 372 Parisius

210 388 328 409 studentium,
340 388 416 405 salutem
430 388 449 405 in
462 388 501 404 filio
513 388 597 410 Virginis
608 388 696 410 gloriose⁴
710 388 808 411 Injuriatur
820 389 907 405 memorie
918 389 1024 411 frequenter
1036 388 1110 409 oblivio,
1124 391 1142 405 et

210 421 344 444 longinquitate
354 427 398 444 sepe
408 421 428 437 fit
438 421 531 444 temporis,
543 420 591 443 quod
602 426 632 437 res
641 421 689 437 clara
699 421 816 443 presentibus
826 421 908 438 redditur
917 421 996 438 obscura
1005 421 1077 442 suturis,
1088 424 1105 438 et
1115 421 1141 438 sic

210 454 301 471 interdum
322 454 380 471 recisa
401 454 513 477 repululant.
531 453 642 470 suscitantur
659 453 723 476 sopita,
740 457 758 470 et
774 454 845 476 sepulta
861 457 967 477 resurgunt.
984 454 1037 472 Unde
1053 454 1141 472 adversus

210 487 309 504 oblivionis
320 487 436 510 dispendium
449 487 472 504 de
484 487 574 509 scripture
588 486 674 509 suffrag-io
688 486 803 509 prudentium
816 486 885 503 cautela
897 493 934 503 non
943 487 1034 504 immerito
1045 487 1141 509 providere

210 520 286 537 curavit.
303 521 327 537 Ut
343 520 399 543 igitur
416 520 544 536 Universitatis
562 523 624 536 nostre
643 519 717 542 negotia
735 519 801 536 futuris
820 518 934 542 temporibus
950 520 1053 542 peragenda
1070 520 1142 536 roboris

211 553 279 569 saniori
294 553 378 569 firmitate
392 552 488 573 vallentur,
504 553 599 575 potissime
616 553 658 575 quia
674 552 735 569 labilis
750 555 779 569 est
789 552 882 569 hominum
898 552 990 573 memoria,
1004 555 1023 569 ut
1036 552 1142 575 predicitur„

210 586 305 608 nostrique
317 586 398 608 magistri
412 586 471 602 fluunt
480 589 498 602 et
508 586 588 602 refluunt
600 586 722 608 continueque
735 589 831 606 mutantur,
842 588 939 608 rectorque
950 585 1047 608 sepissime
1058 588 1142 606 mutatur,

210 624 233 635 ex
242 618 309 641 quibus
322 619 437 641 frequentius
449 619 522 635 evenire
533 619 623 642 contingit
632 619 763 641 quamplurima
775 622 837 636 nostra
849 618 922 641 negotia
933 622 968 635 tam
978 618 1077 635 deliberata
1090 624 1141 641 quam

210 651 245 668 alia
261 651 295 668 sub
310 651 410 668 oblivionis
426 652 515 668 velamine
530 652 548 668 iu
563 657 616 675 grave
633 652 692 669 nostri
709 652 829 674 prejudicium
846 655 864 669 et
880 657 976 674 gravamen
989 651 1106 674 pertransire,
1121 651 1143 668 de

210 685 281 701 notario
294 684 349 701 nohis
361 688 396 701 tam
410 684 450 701 utili
460 690 512 707 quam
525 684 609 704 honesto,
621 685 651 707 qui
663 685 682 701 in
693 685 760 701 nostris
772 685 946 708 congregationibus
956 688 974 701 et
983 684 1024 701 aliis
1034 685 1079 701 locis
1090 684 1142 701 nobis

210 717 321 734 necessariis
338 717 419 738 intersit,
437 717 533 734 scribenda
550 717 654 734 conscribat
667 721 686 734 et
700 718 716 734 si
729 723 776 740 opus
790 718 846 734 fuerit
860 718 880 734 in
894 718 984 740 publicam
997 718 1071 734 formam
1089 717 1142 734 modo

211 750 272 767 debito
291 750 372 771 reducat,
390 756 412 767 ex
428 750 509 767 unanimi
526 756 625 771 consensu,
642 750 719 773 provido
736 754 755 767 et
770 750 870 767 deliberato
887 750 965 767 consilio
982 751 1066 767 duximus
1083 751 1143 773 provi—

210 783 297 804 dendum,
313 789 346 806 per
360 784 413 806 cujus
429 789 492 800 manus
507 789 570 800 ornnes
584 783 644 799 littere
660 789 693 800 seu
705 783 795 806 scripture
808 789 817 800 a
827 786 887 800 nostra
899 783 1020 800 Universitate
1033 787 1142 804 emanantes,

210 816 250 833 sive
261 816 279 833 in
290 816 454 839 supplicationibus
466 816 594 839 magistrorum
604 819 622 832 et
631 815 728 833 scolarium
739 822 771 833 seu
782 816 828 836 aliis,
840 819 857 832 et
867 815 901 832 sub
911 816 963 838 cujus
973 816 1028 839 signo
1037 816 1142 839 priusquam

210 849 233 866 ad
250 848 331 872 sigillum
346 849 416 866 admitti
430 849 502 866 valeant
518 852 548 866 aut
565 849 648 870 debeant,
666 848 689 865 de
706 852 767 866 nostra
784 848 877 865 volumtate
891 852 910 865 et
926 849 1039 865 ordinatione
1059 848 1143 865 decetero

210 882 321 903 transibunt,
336 882 386 899 salvo
401 882 437 899 sibi
451 881 516 899 salario
531 882 640 904 competenti
652 881 671 898 in
681 881 773 902 omnibus,
784 885 899 904 preterquam
909 882 928 898 in
938 881 961 898 iis
971 887 1006 904 que
1016 881 1090 904 proprie
1102 884 1145 898 sunt

210 915 340 932 Universitatis
354 918 417 932 nostre
430 915 504 938 negotia
516 915 627 936 communia,
638 921 671 938 pro
685 915 752 938 quibus
765 915 853 932 faciendis
867 914 978 932 sufficienter
991 914 1075 931 ordinare
1085 915 1144 931 inten-

210 948 277 969 dimus,
288 954 308 965 ac
319 948 379 965 eidem
389 954 445 971 super
453 948 489 965 hiis
501 948 562 965 debito
574 948 628 965 modo
639 948 743 971 providere⁴

256 981 320 997 Forma
333 987 377 998 vero
387 981 486 1003 juramenti
500 981 581 1003 ejusdem
592 981 659 997 notarii
668 981 718 1003 quod
729 981 783 997 nohis
795 980 883 1003 prestabit
893 981 911 997 in
923 981 1002 997 novitate
1012 986 1044 997 sue
1056 980 1144 997 eonstitu-

210 1014 266 1030 tionis
281 1013 300 1030 in
314 1013 381 1034 officio,
398 1013 439 1030 talis
455 1017 489 1035 est,
501 1014 550 1036 quod
563 1014 602 1036 ipse
617 1014 698 1030 notarius
714 1019 774 1030 coram
791 1014 912 1031 Universitate
924 1013 1000 1036 jurabit,
1015 1013 1093 1030 officium
1108 1013 1143 1030 sibi

210 1046 327 1063 commissum
341 1046 419 1063 fideliter
432 1052 523 1067 exercere,
537 1050 606 1063 secreta
619 1046 747 1063 Universiuitis
762 1050 823 1063 nostre
837 1047 905 1063 nemini
916 1047 996 1069 pandere
1010 1052 1042 1063 seu
1056 1046 1142 1063 revelare.

210 1080 255 1096 Item
265 1079 377 1096 sufficienter
386 1083 461 1096 vocatus
471 1085 493 1096 ex
503 1082 552 1102 parte
563 1079 639 1096 rectoris
650 1079 742 1096 tenebitur
752 1082 787 1096 tam
796 1079 815 1096 in
827 1080 896 1096 nostris
906 1079 1080 1102 congregationibus
1090 1085 1142 1102 quam

209 1111 254 1129 alibi
267 1118 300 1134 pro
315 1112 384 1129 nostris
399 1112 478 1135 negotiis
493 1112 572 1128 fideliter
587 1111 694 1129 exercendis
708 1112 805 1133 interesse,
819 1112 916 1129 scribenda
933 1112 1057 1133 conscribere,
1070 1116 1089 1129 et
1102 1118 1143 1129 exe-

210 1144 283 1167 quenda
295 1150 352 1167 super
363 1144 399 1161 sibi
413 1144 516 1161 commissis
529 1144 594 1167 exequi
608 1144 714 1167 diligenter.

255 1177 283 1194 Ad
293 1177 343 1200 quod
353 1177 426 1200 quidem
438 1177 517 1194 officium
530 1177 595 1194 notarii
605 1183 637 1200 pro
649 1183 696 1194 anno
707 1177 770 1194 saltem
782 1177 863 1200 proximo
874 1177 952 1194 intrante
962 1177 981 1194 in
991 1177 1075 1194 Jannario
1086 1183 1143 1201 usque

210 1210 276 1227 iterum
289 1210 352 1227 redeat
363 1211 403 1233 ipse
415 1210 491 1231 mensis,
502 1210 588 1227 dilectum
603 1213 622 1227 et
635 1210 707 1227 fidelem
723 1213 804 1227 nostrum
819 1210 934 1233 Radulphum
946 1210 1040 1227 Benedicti
1054 1211 1142 1228 notarium

210 1242 303 1265 publicum
315 1242 400 1259 duximus
410 1242 532 1265 eligendum¹,
547 1242 644 1265 ipsumque
657 1248 718 1259 coram
729 1242 784 1259 nobis
795 1242 818 1259 ad
827 1242 861 1259 hoc
874 1245 984 1265 presentem,
998 1245 1016 1259 et
1025 1248 1071 1259 onus
1083 1242 1143 1265 hujus-

210 1275 260 1291 modi
270 1275 290 1291 in
300 1281 321 1292 se
332 1275 462 1297 suscipientem
470 1276 574 1297 juramento
584 1275 638 1292 nobis
648 1275 670 1292 ab
681 1275 744 1292 eodem
756 1275 839 1298 primitus
850 1275 869 1291 in
879 1275 937 1292 forma
948 1275 1051 1298 supradicta
1061 1281 1143 1298 corpora·

210 1307 253 1324 liter
267 1308 344 1330 prestito
358 1308 439 1325 Parisius
453 1308 473 1325 in
486 1308 565 1330 capitulo
580 1308 640 1325 Sancti
655 1308 741 1324 Maturini
755 1308 775 1324 in
789 1311 850 1324 nostra
864 1308 1007 1331 congregatione
1018 1308 1098 1331 generali
1114 1308 1142 1324 die

211 1340 281 1357 sabbati
291 1344 332 1357 ante
342 1341 409 1357 festum
418 1340 466 1357 beati
476 1340 558 1357 Nicholai
568 1340 651 1363 hyemale
660 1346 708 1357 anno
718 1341 791 1357 Domini
801 1340 898 1357 millesimo
908 1341 1003 1361 CCCXVI,
1014 1340 1073 1357 locum
1084 1341 1142 1357 eidem

211 1373 287 1396 suisque
300 1372 411 1396 sequacibus
421 1373 473 1396 juxta
482 1376 572 1390 rectorem
587 1379 619 1390 seu
632 1373 722 1396 pulpitum
735 1373 794 1396 ipsius
805 1373 878 1396 capituli
886 1374 1008 1396 assignantes,
1017 1373 1142 1390 investivimus

211 1409 229 1422 et
243 1406 352 1423 investimus
369 1411 401 1429 per
418 1406 476 1422 sedile
491 1406 626 1428 presentialiter
640 1406 663 1422 de
680 1406 759 1422 eodem:
771 1406 853 1423 volentes
872 1409 892 1423 ut
908 1406 956 1422 idem
973 1406 1038 1428 suique
1055 1412 1142 1428 sequaces

210 1438 260 1455 velut
269 1439 357 1461 magister
367 1441 407 1455 actu
417 1443 491 1461 regens,
505 1438 613 1461 privilegiis,
627 1438 742 1455 libertatibus
754 1441 772 1455 et
784 1438 928 1455 immunitatibus
940 1438 1008 1455 nostris
1021 1443 1053 1455 seu
1066 1438 1142 1455 Univer-

210 1471 268 1488 sitatis
282 1470 370 1493 prelibate
382 1470 441 1487 libere
453 1476 473 1487 ae
485 1470 560 1492 pacifice
572 1470 663 1492 gaudeant
677 1470 695 1487 in
707 1471 794 1487 futurum.
810 1470 862 1491 Quod
877 1470 963 1487 omnibus
975 1476 1052 1492 quorum
1067 1470 1141 1487 interest

272 1500 288 1509 *θ
297 1499 344 1511 ΟΜΝ.
355 1499 396 1511 Ππίῡ-
404 1499 451 1511 Puris*
461 1498 477 1513 ΙΙ,
486 1498 498 1510 1.
1065 1498 1080 1510 25
