1308 1835
216 203 265 221 1347]
417 211 441 222 AB
457 211 511 222 suno
527 211 644 222 ncctxxxw
663 210 728 225 usquc
743 211 767 222 ,sn
784 210 853 221 sunum
871 210 942 221 ncces.
1114 208 1148 224 605

215 245 268 267 absit,
280 247 390 264 tenebuntur
400 253 463 264 omnes
473 248 555 270 magistri
564 251 581 264 et
592 247 678 268 scolares,
687 247 782 264 emendam
791 247 901 270 condignam
911 247 958 268 lieri,
967 250 1001 264 tam
1011 247 1084 264 nacioni
1094 253 1147 270 quarn

216 280 310 302 magistro,
324 283 414 303 quatenus
427 280 528 297 secundum
543 281 601 297 Deum
614 284 633 297 et
642 280 732 303 justitiam
746 283 838 303 poterunt,
850 286 954 303 procurare.
970 281 993 297 Et
1001 280 1024 297 ad
1033 280 1067 297 hec
1077 280 1147 297 firmius

216 312 337 334 observanda,
347 313 432 330 volumus
444 319 508 330 omnes
518 313 678 334 determinaturus,
689 313 819 334 licenciandos,
831 317 849 330 et
861 314 881 330 in
890 313 960 330 artibus
970 313 1075 336 incepturos
1086 316 1148 330 nostre

216 346 304 367 nacionis,
316 346 351 363 suh
360 346 423 363 debito
435 346 534 368 juramenti
548 346 633 369 obligari,
647 346 735 363 addentes
750 346 799 369 quod
812 347 827 363 si
840 346 916 369 predicti
930 347 1038 369 injuriantes
1052 346 1074 363 de
1087 349 1149 363 nostra

216 379 292 396 nacione
302 379 376 400 fuerint,
387 385 410 396 ex
418 385 468 396 nunc
477 383 532 402 prout
540 385 563 396 ex
571 382 615 396 tune
626 385 634 396 a
644 383 707 396 nostre
718 379 800 396 nacionis
810 380 904 397 consortio
914 385 934 396 se
944 380 1029 397 noverint
1037 379 1114 397 alienos.

261 413 312 434 Item,
326 418 348 429 ne
360 412 413 429 nacio
424 416 486 430 nostra
499 413 579 435 paciatur
591 412 685 435 penuriam
698 413 717 429 in
729 412 785 429 scolis
797 416 816 429 et
827 412 875 433 aliis,
885 413 989 434 statuimus,
1002 413 1051 435 quod
1063 413 1148 430 decetero

216 451 249 469 pro
263 445 313 463 nullo
327 446 381 463 nacio
395 449 457 463 nostra
472 449 555 463 teneatur
570 446 641 463 solvere
657 446 723 467 scolas,
738 446 774 463 nisi
788 446 874 463 continue
886 449 904 463 et
915 446 997 469 legitime
1011 446 1066 463 suerit
1080 451 1147 469 regens

215 486 225 496 a
241 479 331 502 principio
349 480 410 502 magni
424 480 511 497 ordinarii
528 486 586 503 usque
601 479 623 496 ad
636 480 752 496 medietatem
767 479 911 502 Quadragesime
926 479 948 496 ad
963 480 1030 501 minus,
1048 480 1148 497 secundum

215 513 290 530 sormam
301 513 362 530 statuti
373 513 463 530 facultatis
473 513 547 534 arcium,
561 513 590 530 vel
602 513 648 530 alter
658 513 698 530 loco
709 513 747 534 sui3
760 516 779 529 et
789 512 854 529 habeat
864 512 944 529 scolares
954 516 985 529 aut
997 513 1091 534 scolarem,
1102 518 1149 536 quos

215 545 244 563 vel
254 552 308 569 quein
319 552 355 563 non
366 546 427 563 credat
438 546 517 563 scolares
529 552 570 563 esse
582 549 613 563 aut
626 546 714 563 scolarem
725 546 748 563 ad
757 545 847 567 fraudem
861 546 924 567 eciam,
935 546 971 563 nisi
984 545 1043 563 scolas
1054 546 1149 563 retinuerit

215 583 256 596 ante
265 579 376 603 principium
385 580 447 602 magni
457 579 551 601 ordinarii,
560 579 578 596 in
589 579 684 602 presencia
693 579 780 600 nationis,
788 579 811 596 de
820 579 873 602 cujus
883 579 978 602 presencia
989 579 1080 596 tenebitur
1088 579 1149 596 facere

215 613 269 630 fidem
280 619 313 636 per
322 613 415 636 proprium
424 613 555 636 juramentum,
563 619 598 630 una
608 619 649 630 cum
657 613 766 636 juramentis
776 612 890 630 hedellorum
899 616 962 630 nostre
971 612 1061 634 nacionis,
1069 612 1086 629 si
1093 618 1149 636 super

214 647 250 664 hoc
258 646 327 663 fuerint
337 646 427 670 requisiti.
440 646 564 664 Permittimus
573 650 640 668 autem,
652 647 700 669 quod
711 646 733 663 de
745 652 791 664 novo
802 646 910 670 incipientes
921 650 963 669 post
972 646 1037 663 festum
1048 646 1095 663 beati
1105 646 1149 663 Dio-

215 680 258 697 nisii
271 679 350 697 habeant
363 679 422 697 scolas
433 685 466 703 per
475 680 570 697 nacionem
581 683 599 697 et
608 686 618 697 a
628 680 703 697 nacione
714 680 818 701 solvendas,
830 680 872 697 dum
884 683 944 697 tamen
956 679 1024 697 suerint
1034 679 1121 696 continue
1130 682 1149 696 et

215 713 296 736 legitime
309 716 394 736 regentes
409 719 442 736 per
454 716 492 730 tres
506 719 579 730 menses
592 713 613 730 ad
625 713 685 731 minus
698 713 744 730 intra
757 713 825 730 dictum
838 713 947 736 principium
960 713 1022 736 magni
1033 712 1121 730 ordinarii
1130 716 1149 730 et

216 746 294 763 medium
304 739 448 769 Quadragesiine
458 747 540 769 proximo
549 752 636 769 sequens,
646 750 664 763 et
673 747 739 764 saciant
748 747 802 763 fidem
813 750 833 763 ut
842 752 903 769 supra.
914 747 996 763 Dicimus
1006 752 1079 769 quoque
1089 746 1148 763 scolas

215 786 224 796 a
234 779 310 796 nacione
324 779 422 796 solvendas
436 779 477 796 illas
491 779 557 800 solum,
571 785 606 802 que
620 780 639 796 in
649 780 690 797 vico
700 780 809 797 Straminum
821 779 851 797 vel
865 785 922 803 prope
935 780 1002 796 fuerint
1015 780 1086 800 situate,
1096 783 1115 796 et
1126 779 1148 796 ad

215 813 277 830 nullos
287 812 333 829 alios
344 818 388 829 usus
399 816 513 836 preterquam
525 813 546 830 ad
557 816 616 829 actum
627 812 701 836 legendi
712 812 741 830 vel
749 813 853 836 disputandi
864 813 954 836 deputate.

259 846 311 867 Item,
329 846 432 867 statuimus,
450 846 500 869 quod
516 846 579 863 nullus
597 846 682 863 decetero
701 845 767 863 haheat
781 852 845 863 vocem
863 847 881 863 in
901 846 977 863 nacione
994 850 1062 868 nostra,
1077 852 1111 863 nec
1124 847 1148 864 ad

215 879 286 903 aliquos
295 882 347 896 actus
360 885 468 897 communes
480 883 543 897 nostre
557 879 639 896 nacionis
653 879 757 896 admittatur
767 879 796 896 die
810 879 876 902 aliqua,
886 879 923 896 nisi
935 880 998 896 eadem
1010 879 1040 897 die
1050 880 1121 903 legerit,
1132 880 1148 897 si

216 913 255 930 dies
265 913 290 930 sit
298 913 389 936 legibilis;
403 916 420 930 et
433 913 448 930 si
458 919 495 930 non
505 913 594 936 legibilis,
604 916 648 930 tunc
660 913 696 930 nisi
709 913 770 930 ultima
783 913 812 930 die
821 913 893 936 legihssi
903 913 969 936 legerit
981 916 1000 930 ut
1009 919 1064 931 verus
1074 919 1148 936 regens,

216 946 319 963 nullatenus
333 946 442 963 admittatur*
458 947 509 968 item,
522 952 559 963 non
570 946 669 970 recipiatur
681 946 716 963 nisi
728 950 770 963 ante
779 946 828 963 illam
839 946 886 963 diem
897 946 952 963 suerit
963 946 1050 963 continue
1059 946 1148 964 inclusive

216 985 269 997 verus
284 985 351 1002 regens
363 985 396 1002 per
405 985 494 1000 mensem,
507 979 607 996 secundum
620 979 695 996 sormam
709 979 770 997 statuti
782 979 878 1001 facultatis,
889 979 918 997 vel
928 980 984 1002 juret,
995 985 1055 997 coram
1065 979 1148 1001 nacione,

216 1012 265 1036 quod
275 1012 296 1030 ab
310 1012 341 1030 illa
350 1013 380 1030 die
393 1012 483 1030 inclusive
497 1013 532 1030 erit
545 1013 631 1030 continue
644 1018 699 1030 verus
712 1018 780 1036 regens
791 1019 850 1036 usque
863 1013 884 1030 ad
895 1019 976 1030 mensem
989 1017 1036 1036 post,
1048 1013 1148 1030 secundum

216 1046 291 1063 sormam
301 1046 363 1063 statuti
372 1045 463 1063 facultatis
472 1046 563 1068 predicte;
573 1052 607 1063 nec
618 1049 704 1069 quantum
715 1046 736 1063 ad
747 1046 845 1069 legendum
855 1046 936 1069 qualibet
945 1046 975 1063 die
986 1046 1062 1069 legibili,
1071 1047 1149 1063 dicimus

216 1079 289 1102 aliquod
304 1079 455 1102 impedimentum
471 1079 579 1102 legitimum,
595 1079 631 1096 nisi
646 1079 765 1102 pretendatur
778 1080 898 1102 procuratori,
916 1083 934 1097 et
948 1080 997 1102 quod
1014 1085 1047 1102 per
1062 1080 1147 1102 majorem

216 1116 283 1136 partem
298 1118 383 1130 verorum
399 1113 502 1136 regentium
517 1112 651 1135 adjudicabitur
665 1118 708 1129 esse
723 1112 826 1136 legitimum
841 1112 969 1134 deliberando,
986 1113 1008 1129 de
1022 1119 1057 1135 quo
1072 1113 1149 1135 impedi-

217 1149 277 1163 mento
291 1146 367 1169 legendi
380 1146 434 1163 faciet
448 1146 502 1163 fidem
518 1152 551 1168 per
564 1146 658 1168 proprium
671 1146 802 1168 juramentum„
817 1146 834 1163 si
848 1152 904 1169 super
920 1145 955 1163 hoc
970 1146 1026 1163 suerit
1042 1146 1148 1169 requisitus.

217 1180 366 1202 Verumptamen,
381 1179 400 1196 in
416 1185 459 1196 casu
476 1185 512 1202 quo
529 1179 582 1196 fieret
598 1179 669 1196 rotulus
686 1179 708 1196 ad
724 1179 792 1196 curiam
809 1185 842 1202 pro
859 1179 996 1202 provisionibus
1013 1179 1148 1202 magistrorum,

216 1216 302 1236 quantum
316 1213 339 1230 ad
351 1213 453 1235 predictum
467 1212 547 1229 rotulum
560 1213 652 1235 tangentia
664 1218 702 1229 non
713 1212 826 1230 intendimus
839 1213 890 1235 prius
900 1212 954 1234 dicta,
964 1218 998 1229 nec
1007 1212 1077 1236 aliquid
1086 1212 1104 1229 in
1114 1212 1149 1229 hoc

216 1246 300 1264 volumus
310 1246 405 1268 innovare,
417 1246 449 1263 sed
463 1249 529 1263 statuta
542 1249 560 1263 et
571 1246 715 1263 consuetudines
727 1246 829 1263 laudabiles
839 1246 967 1263 Universitatis
980 1249 998 1263 et
1009 1245 1098 1263 facultatis
1108 1251 1149 1269 pre-

216 1279 263 1297 dicte
274 1280 293 1296 in
303 1279 388 1297 omnihus
398 1279 483 1297 volumus
494 1279 597 1297 observare,

272 1314 323 1334 Item,
335 1313 438 1334 statuimus,
448 1313 498 1336 quod
507 1313 569 1330 nullus
579 1313 667 1336 magister
677 1313 759 1330 nacionis
771 1316 834 1330 nostre
843 1312 928 1330 decetero
938 1312 1003 1330 haheat
1015 1312 1049 1330 sub
1059 1318 1079 1330 se
1089 1313 1149 1330 deter-

217 1346 323 1367 minaturos,
335 1352 369 1363 nec
380 1346 505 1363 licenciandos
518 1350 580 1363 nostre
593 1346 675 1363 nacionis
685 1346 705 1363 in
715 1347 770 1363 Beata
779 1346 879 1367 Genovefa,
890 1346 926 1363 nisi
939 1346 998 1363 taliter
1008 1346 1063 1363 fuerit
1075 1352 1148 1369 regens,

216 1380 265 1403 quod
276 1380 327 1397 nacio
338 1383 421 1397 teneatur
431 1380 502 1397 solvere
515 1380 575 1397 scolas
585 1386 618 1403 pro
628 1380 669 1403 ipso
680 1380 752 1397 racione
763 1386 796 1397 sue
805 1380 892 1397 continue
902 1380 1053 1403 regencie‚juxta
1063 1383 1148 1397 statutum

217 1413 239 1430 de
250 1413 306 1431 scolis
318 1413 427 1436 precedens.

261 1447 346 1470 Insuper,
356 1447 466 1464 unanimiter
476 1446 580 1468 statuimus,
590 1446 640 1469 quod
650 1446 712 1464 nullus
722 1446 803 1464 existens
812 1450 926 1470 procurator,
939 1451 970 1464 aut
982 1446 1027 1464 alter
1037 1447 1078 1464 loco
1088 1447 1117 1464 sui
1127 1447 1149 1464 ad

217 1480 366 1499 diininucionem.
380 1481 526 1503 corrupcionem,
539 1481 708 1504 augmentucionem
720 1486 753 1498 seu
767 1480 909 1498 destructionem
919 1480 948 1498 vel
960 1480 1096 1498 distractionem
1108 1487 1149 1504 pre-
