1308 1835
157 199 190 216 456
447 205 606 217 cuam-nmmum
624 205 719 217 univiras.
737 206 801 217 ranis.
1042 200 1092 218 [1336

157 242 232 259 nacione
243 242 356 259 deficientes.
370 242 442 264 Quibus
452 242 525 264 quidem
538 242 761 264 congregati5‚‘tempore,
772 242 816 259 hora
826 246 844 259 et
853 242 894 259 loco
907 242 1039 263 determinatis,
1049 246 1092 259 tunc

157 275 220 292 exiens
231 278 344 298 procurator⁷
358 275 394 292 nisi
407 278 478 297 tempus
490 281 543 291 suum
557 275 671 297 expiraverit,
683 278 700 291 et
713 275 729 291 si
741 275 842 297 expiratum
851 275 912 296 fuerit,
925 278 986 292 rector
998 275 1092 292 Universi-

157 308 199 325 tatis
208 308 325 329 Parisiensis,
333 308 363 325 vel
373 308 439 331 aliquis
449 308 496 324 alius
506 307 528 324 ab
538 314 560 325 eo
570 314 603 331 pro
613 314 634 325 se
643 308 748 331 deputatus,
758 307 813 325 dehet
822 313 925 330 proponere
936 314 997 325 coram
1006 308 1092 325 omnibus

158 341 175 358 in
191 341 237 358 dicta
253 341 328 358 nacione
344 341 458 364 regentibus,
472 341 497 358 ibi
511 344 585 364 propter
598 341 632 358 hoc
645 341 750 365 specialiter
763 341 886 365 congregatis,
903 344 964 358 utrum
979 341 1063 364 expediat
1075 345 1093 358 et

158 374 184 391 eis
197 374 266 396 placeat
279 374 338 391 facere
351 374 445 391 officialem
458 380 490 391 seu
504 374 590 391 officiales
600 380 684 397 quosque
693 374 806 392 defficientes
815 374 833 391 in
846 374 894 391 dicta
903 374 986 395 nacione,
997 374 1021 390 ita
1033 377 1092 391 tamen

158 407 207 430 quod
220 407 235 424 si
244 407 293 424 citati
304 410 322 424 et
328 407 388 424 vocati
397 407 466 424 suerint
475 407 497 424 ad
507 408 589 430 primam,
598 407 666 424 dehent
676 407 766 430 expectari
777 413 873 430 quousque
882 407 905 424 ad
915 407 991 430 primam
1002 407 1092 430 pulsatum

157 440 213 457 fuerit
224 440 271 463 apud
286 441 369 457 Nostram
383 441 477 457 Dominam
490 440 602 458 sufficienter
616 444 633 457 et
646 440 668 457 ad
682 440 754 463 plenum
765 446 806 457 curn
816 446 880 464 magna
894 446 986 464 campana,
997 443 1092 463 antequam

157 474 180 491 de
193 474 278 499 eligendo
293 480 427 497 quemeumque
442 474 536 491 officialem
551 477 669 497 proponatur.
685 474 707 490 Et
720 474 775 490 dehet
787 474 865 496 proponi
875 480 895 491 ae
905 474 1032 497 sollempniter
1045 474 1092 491 cele-

158 507 206 524 brari
217 511 234 524 et
245 504 323 530 persici¹,
339 510 436 530 antequam
450 507 472 524 ad
486 507 539 524 aliam
556 507 618 524 horam
635 510 741 529 sequentem
757 507 869 524 sufficienter
882 507 906 524 sit
919 507 1017 530 pulsatum,
1033 507 1068 524 nisi
1083 514 1092 524 a

158 540 244 563 predictis
257 540 356 563 magistris=
371 543 446 563 propter
458 540 493 557 hoe
506 540 630 563 congregatis,
644 543 716 563 tempus
729 540 835 563 prolongari
848 540 973 563 dispensetur;
991 543 1008 557 et
1021 540 1035 557 si
1048 540 1092 557 hora

158 574 240 596 preteriit
250 574 304 590 citius
315 579 367 596 quam
379 573 409 590 fiat
422 573 495 595 electio,
505 576 523 590 et
535 579 572 590 non
582 573 688 596 dispensato
698 573 721 590 ab
731 573 800 590 eisdem
811 573 834 590 de
844 573 987 596 prolongacione
997 573 1091 596 temporis,

158 610 230 629 oportet
240 612 304 623 novam
318 606 358 623 fieri
367 606 483 623 vocacionem
498 606 552 623 modo
562 606 661 626 antedicto3
675 609 694 623 et
705 606 731 623 sic
745 606 883 629 intelligendum
897 609 925 623 est
939 606 966 623 eis
978 606 1020 623 aliis
1034 606 1091 623 horis.

158 640 277 656 Attendentes
287 642 347 656 autem
356 639 406 662 quod
415 642 487 662 tempus
498 639 580 656 exeuntis
591 639 715 662 procuratoris
725 645 757 656 seu
768 640 899 662 cujuscumque
909 639 993 656 exeuntis
1003 639 1091 660 officialis,

158 679 195 690 non
204 676 265 695 potest
277 672 343 690 durare
353 673 389 689 nisi
402 678 435 695 per
446 678 502 689 unum
513 678 595 689 mensem
607 673 664 689 sextis
677 672 742 689 diebus
755 676 772 689 et
784 672 841 693 horis,
851 679 861 689 a
872 673 901 689 die
913 676 932 689 et
942 672 987 689 hora
999 678 1032 690 sue
1045 672 1092 689 elen-

158 706 213 722 tionis
223 706 278 722 modo
288 706 371 728 predicto
381 706 448 723 notatis
458 709 476 723 et
485 706 600 728 computatis.

202 739 265 755 Habita
279 742 339 756 autem
350 739 430 756 unanimi
443 739 574 756 deliberatione
588 742 641 762 atque
654 739 752 756 eoncordia
764 739 844 756 omnium
854 739 874 755 iu
883 739 931 756 dicta
940 739 1017 756 nacione
1027 745 1092 762 regen-

157 772 207 793 tium,
219 772 258 789 sive
268 772 343 795 majoris
353 775 372 789 et
381 772 460 789 sanioris
470 772 533 796 partis,
543 772 599 789 debet
608 778 714 796 proponens
723 778 756 795 pro
768 775 848 796 tempore
859 775 921 796 petere
931 778 940 789 a
950 772 1024 789 bedello
1031 772 1092 795 jurato

157 805 172 823 si
183 805 233 823 fabas
243 805 314 823 habeat.
325 805 397 827 Quibus
407 805 480 827 habitis,
489 806 583 829 predictus
593 811 699 829 proponens
710 805 764 823 debet
773 806 855 829 accipere
866 806 888 823 de
898 811 951 823 mauu
961 805 1030 823 bedelli
1036 806 1092 829 jurati

157 832 213 856 unum
228 839 323 862 capucium
342 839 364 856 de
384 839 463 862 simplici
477 845 544 862 panno,
560 845 597 856 nou
610 839 717 860 fourratum,
733 845 792 862 neque
809 845 849 856 eum
871 839 906 856 alio
923 839 1038 856 commixtum
1055 839 1092 856 sive

158 873 284 894 conjunctuli-13
295 875 314 889 et
326 872 382 889 debet
391 872 454 889 videre
467 872 571 889 notabiliter
581 877 603 888 ne
614 872 673 895 aliqua
684 872 733 889 fraus
743 872 772 889 vel
782 872 843 892 dolus,
853 872 937 889 versucia
949 871 977 889 vel
991 871 1092 888 indecentia

158 911 191 928 per
203 905 271 922 dictum
285 905 379 928 capucium
392 905 411 922 in
423 905 470 925 dicta
483 905 573 922 electione
585 905 644 928 possit
658 905 754 922 interesse⁴
768 905 808 927 Quo
820 905 874 926 facto,
884 910 990 928 proponens
1000 904 1092 928 predictus

158 938 213 955 debet
225 938 326 961 capucium,
338 938 353 955 si
367 938 479 955 conveniens
493 938 523 959 sit,
533 938 605 955 tradere
619 938 637 955 in
651 944 705 955 manu
718 937 786 955 bedelli
796 938 862 961 juram
876 937 991 960 quiquidem
1001 937 1092 958 bedellus,

159 971 256 994 priusque¹
270 971 292 988 ad
306 971 340 988 hec
353 975 371 988 et
382 971 416 988 alia
428 972 506 994 juratus,
523 971 573 988 omni
588 971 652 988 fraude
665 977 697 988 seu
712 971 754 988 dolo
768 971 850 992 remotis,
863 970 918 987 dehet
928 970 946 987 in
956 970 1004 988 dicto
1018 971 1092 994 capucio

159 1010 226 1027 ponere
240 1007 267 1021 tot
279 1004 328 1021 fabas
343 1008 387 1027 quot
400 1008 443 1021 sunt
452 1005 535 1027 magistri
544 1004 564 1021 in
574 1004 621 1021 dicta
631 1004 708 1021 nacione
721 1004 814 1021 actualiter
824 1007 909 1027 regentes
922 1004 1035 1027 congregaii,
1047 1004 1093 1021 inter

159 1044 203 1060 quas
220 1037 294 1060 quidem
310 1037 361 1054 fabas
378 1037 433 1055 debet
449 1044 491 1055 esse
507 1043 542 1054 una
560 1037 618 1060 nigra,
633 1041 652 1054 et
663 1043 727 1054 omnes
744 1037 778 1054 alie
792 1037 861 1054 debent
875 1043 916 1054 esse
931 1037 977 1054 albe.
995 1038 1018 1054 Et
1033 1037 1093 1054 dictus

159 1071 243 1088 bedellus
253 1077 287 1094 per
293 1071 397 1094 juramenta
408 1071 463 1088 debet
473 1077 503 1088 eas
513 1077 577 1088 omnes
589 1070 646 1092 fabas,
657 1071 757 1088 secundum
769 1076 823 1094 posse
834 1076 894 1092 suum,
904 1071 987 1093 accipere
996 1074 1015 1087 et
1024 1071 1042 1087 in
1053 1076 1093 1093 pre-

159 1104 207 1121 dicto
220 1104 295 1127 capucio
311 1110 380 1127 ponere
395 1104 478 1127 ejusdem
492 1104 624 1127 magnitudinis
636 1107 654 1121 et
665 1104 776 1127 quantitatis⁴
790 1104 831 1126 Quo
842 1104 896 1124 facto,
906 1104 1000 1126 predictus
1009 1104 1093 1120 bedellus

159 1137 213 1154 dehet
227 1137 303 1154 tendere
318 1140 336 1154 et
349 1137 444 1160 porrigere
459 1137 507 1154 dicto
522 1137 632 1160 proponenti
644 1137 746 1160 capucium,
758 1137 805 1154 sabis
817 1137 836 1153 in
848 1143 870 1153 en
880 1137 981 1154 seeundum
992 1136 1065 1153 modum
1076 1140 1093 1153 et

158 1170 233 1187 formam
251 1170 344 1193 predictos
361 1170 479 1191 exeuntibus;
502 1173 520 1187 et
536 1170 630 1193 predictus
647 1176 752 1193 proponens
769 1170 823 1187 debet
840 1170 934 1193 capucium
951 1175 984 1192 per
1001 1173 1092 1186 cornetmn

159 1209 229 1226 capere,
240 1206 258 1220 et
268 1203 314 1220 illud
323 1203 395 1220 fortiter
405 1207 471 1224 catere,
482 1209 554 1220 omnem
564 1203 647 1220 fraudem
657 1209 690 1226 pro
700 1209 756 1226 posse
766 1209 799 1220 suo
809 1203 928 1220 removendo.
941 1203 964 1219 Et
975 1199 1050 1225 propter
1059 1202 1093 1220 hoe

159 1236 253 1259 predictus
266 1242 372 1259 proponens
385 1236 473 1259 precipiat
486 1239 504 1253 et
516 1236 564 1253 dicat
578 1236 652 1253 bedello
665 1236 733 1259 jurato,
749 1236 798 1258 quod
813 1236 870 1253 tradat
884 1236 950 1259 cuique
964 1236 1092 1259 magistrorum

159 1272 233 1292 propter
242 1269 277 1286 hoc
286 1269 313 1286 ibi
322 1272 482 1292 congregatorum,
494 1272 548 1292 prout
557 1269 639 1292 predicto
650 1269 759 1292 proponenti
770 1269 863 1292 placuerit.
874 1269 897 1286 Et
905 1269 999 1292 predictus
1009 1269 1093 1287 bedellus

159 1302 175 1319 ei
186 1302 215 1319 cui
225 1302 307 1325 precepit
316 1302 372 1319 debet
381 1302 453 1319 tradere
464 1302 485 1318 ad
496 1302 612 1323 trahendum3
624 1305 641 1318 et
651 1301 683 1319 ille
692 1302 721 1319 cui
731 1302 827 1319 tradiderit
836 1308 889 1319 manu
899 1302 948 1319 nuda
958 1302 998 1319 sine
1008 1302 1092 1324 ciroteca,

159 1335 214 1352 debet
227 1341 281 1352 unam
295 1335 353 1352 solam
369 1341 441 1352 manum
456 1335 475 1352 in
489 1335 564 1358 capucio
578 1341 655 1358 ponere,
668 1339 687 1352 et
699 1341 752 1352 unam
765 1335 824 1352 solum
836 1335 925 1357 sabai-um,
935 1335 1036 1353 secuudum
1047 1335 1093 1353 velle

159 1374 218 1390 suum,
236 1371 286 1386 extra
303 1368 399 1392 capucium
416 1368 506 1390 trahar-eq
517 1374 554 1386 non
570 1368 589 1386 in
606 1368 654 1386 dicto
671 1368 747 1392 capucio
766 1369 888 1392 respiciendo,
906 1375 939 1386 nec
956 1368 1025 1392 aliquid
1044 1369 1093 1387 intus

159 1402 251 1425 ponendo,
264 1402 294 1419 vel
306 1402 375 1425 aliquid
387 1402 477 1423 faciendo,
491 1408 524 1425 per
533 1403 656 1425 juramentum
669 1408 729 1423 suum,
741 1408 773 1425 per
782 1403 831 1425 quod
843 1402 893 1419 fraus
902 1402 932 1419 vel
942 1402 996 1419 dolus
1006 1402 1065 1425 possit
1074 1402 1093 1419 in

159 1435 213 1452 modo
228 1435 310 1458 eligendi
324 1435 420 1452 interesse.
436 1436 476 1458 Quo
491 1435 513 1452 ab
527 1441 549 1452 eo
562 1436 615 1457 sacto,
627 1435 705 1458 quilibet
719 1435 795 1452 aliorum
810 1435 915 1452 successive
928 1438 946 1452 et
959 1437 1093 1458 consequenter

159 1472 200 1492 post
210 1475 258 1490 eum,
269 1469 371 1486 secundum
381 1469 455 1486 modurn
466 1472 484 1486 et
493 1469 568 1486 formam
579 1469 678 1491 predictos,
689 1468 745 1485 dehet
753 1474 807 1485 unam
817 1468 877 1485 solum
887 1468 968 1485 fabarum
979 1471 1029 1485 extra
1038 1473 1092 1490 capu-
