1308 1835
215 187 263 206 1335]
416 195 440 206 ΑΒ
456 196 510 207 nno
527 196 644 207 ncnnxxxvn
662 195 727 210 usque
745 195 769 206 tm
785 193 854 205 ,timim
872 193 943 205 tumor„⁴
1115 192 1148 209 449

213 236 257 248 vero
272 236 340 254 regens
355 231 443 252 Parisins,
457 232 479 248 de
495 232 542 249 dicta
552 232 643 249 communi
660 232 814 255 vigintiquinque,
831 234 848 248 et
863 237 872 248 a
885 230 962 254 proprio,
974 232 1086 248 monasterio
1102 232 1146 250 alias

214 264 368 287 vigintiquinque,
379 270 412 287 pro
422 264 476 281 bursa
490 268 507 281 et
516 264 558 281 aliis
567 265 709 282 necessitatibus
719 265 770 287 ejus3
781 271 801 281 ac
811 264 869 281 lector
878 264 937 281 Biblie
947 264 967 281 in
976 264 1040 281 eodem
1053 264 1114 281 studio
1124 265 1147 282 de

214 297 283 320 prefata
296 297 388 316 communi
402 297 472 318 decem,
483 300 501 314 et
510 303 520 314 a
530 298 604 320 proprio
618 298 728 314 monasterio
742 298 808 320 viginti
820 298 876 315 libras
888 298 947 321 ipsius
961 301 1033 314 monete
1046 297 1148 320 percipiant

214 330 289 347 omnino
305 331 409 351 annuatim;
420 330 498 353 quilibet
513 336 558 347 vero
574 330 671 347 scolarium
689 331 765 347 studens
780 331 798 347 in
814 331 854 353 ipso
871 331 932 348 studio
949 331 1014 354 viginti
1028 331 1085 348 libras
1099 330 1147 348 dicte

215 367 287 380 monete
301 369 311 380 a
325 364 400 386 proprio
415 363 526 380 monasterio
541 369 574 386 pro
589 363 645 380 bursa
659 366 677 380 et
690 363 731 380 aliis
747 363 886 380 necessitatibus
903 364 941 381 suis
959 364 1047 387 percipiat
1063 364 1148 381 similiter

214 397 321 413 annuatiun'.
338 396 374 413 Sed
387 396 406 413 in
420 396 461 413 aliis
476 395 542 413 studiis
556 399 617 419 patres
631 395 712 417 abbates,
723 396 806 419 ipsorum
815 396 917 413 studiorum
932 400 1020 418 rectores,
1030 397 1118 420 magistro
1127 397 1147 414 in

215 429 317 452 theologica
331 429 447 446 facultatem
461 429 499 446 illis
512 429 585 452 regenti
599 429 623 446 de
637 429 756 452 quadraginta
770 429 822 446 libris
837 429 917 452 predicte
931 433 1004 447 monete
1017 436 1050 452 pro
1061 430 1118 447 bursa
1130 434 1149 447 et

215 463 255 480 aliis
265 463 406 480 necessitatibus
418 463 457 480 suis
470 463 567 486 providere
580 463 632 480 annis
645 463 724 486 singulis
737 466 838 480 teneantur⁴
849 463 926 484 Quando
938 466 998 479 autem
1008 463 1119 480 haccalarius
1129 463 1148 480 in

215 496 285 513 eisdem
302 496 369 513 studiis
385 500 443 519 reget,
459 496 491 513 ubi
509 496 604 513 commode
622 502 658 513 non
677 496 788 519 reperiretur
806 496 899 519 magister,
916 499 1012 513 teneantur
1028 496 1071 513 dicti
1087 499 1148 519 patres

215 529 289 546 abbates
302 529 351 547 dieto
364 529 465 547 baccalario
478 529 501 546 de
513 529 589 553 triginta
601 529 655 546 libris
667 529 715 546 dicte
728 532 801 546 monete
814 535 846 555 pro
860 528 915 545 bursa
926 532 943 545 et
953 528 1038 545 omnihus
1050 529 1149 546 nscessita-

215 562 263 579 tibus
274 563 314 580 suis
323 563 377 580 annis
386 563 466 586 singulis
475 562 600 586 providere...

259 596 295 613 Ubi
310 599 369 613 autern
384 596 418 613 erit
433 596 499 619 aliquis
512 596 534 613 de
548 596 618 613 Ordine
630 596 672 619 ipso
686 596 705 613 in
719 595 818 613 Parisiensi
834 595 894 613 studio
908 595 1021 618 assignatum,
1034 595 1065 617 qui
1081 595 1104 612 sit
1113 594 1149 612 vite

214 630 317 652 laudabilis,
331 631 412 654 aliasque
426 631 505 648 idoneus
518 634 535 648 et
548 631 645 652 discretus,
657 635 675 648 et
687 631 710 648 ad
721 631 867 652 bacoalariatum,
876 630 905 648 vel
918 630 1043 653 magisterium
1056 629 1149 652 theologie

215 663 316 686 dispositus
330 667 348 680 et
360 664 480 687 propinquus,
494 664 549 681 abbas
562 664 698 685 Cisterciensis,
712 664 743 687 qui
755 668 783 681 est
796 670 830 687 pro
842 667 931 687 ternpore,
944 669 985 681 cum
1000 663 1079 680 consilio
1093 663 1149 686 magi-

216 700 302 718 strorum,
312 696 454 713 baccalariorum
465 700 482 713 et
492 697 594 719 provisoris
603 697 669 714 don-tus
682 697 794 714 studentium
807 697 897 718 Parisins,
907 697 981 714 mandel-
993 696 1053 714 abbati
1065 696 1149 719 propt-10,

216 730 265 753 quod
277 729 330 747 talem
344 736 381 746 non
396 733 475 750 revocet,
491 730 523 746 sed
537 736 579 747 eum
594 730 686 752 permittat
700 730 718 747 in
733 730 838 753 hujusmodi
852 730 928 747 seientia
941 730 1011 753 perfici,
1022 733 1040 747 et
1049 730 1071 747 ad
1084 733 1149 747 statum

215 763 353 783 baccalariatus,
371 769 390 779 ac
409 762 497 779 honorem
518 763 619 785 magisterii
639 762 723 786 provehi,
743 763 867 786 lecturumque
886 763 998 784 continuare,
1019 766 1073 786 prout
1090 763 1149 785 ipsius

215 796 290 813 Ordinis
305 796 391 819 generale
402 796 504 819 Capitulum
520 796 617 812 ordinabit.
627 796 689 812 Possit
701 799 761 813 tamen
775 796 835 819 ipsum
847 796 933 819 generale
942 796 1052 819 Capitulum,
1063 796 1149 813 deiicien-

215 829 264 846 tibus
278 829 370 852 magistris
383 835 415 846 seu
429 829 534 846 baccalariis
548 829 566 846 in
581 829 680 852 theologia,
691 829 744 846 talem
757 829 810 846 etiam
822 833 864 846 ante
876 829 1014 846 baccalariatum
1024 829 1053 847 vel
1063 829 1149 853 magiste-

215 862 261 879 rium
275 862 294 879 in
308 862 391 885 quolibet
405 862 528 885 predictorum
543 862 657 885 generalium
672 862 774 879 studiorum
789 862 907 885 principalem
923 863 1009 886 deputare
1024 862 1118 884 lectorem,
1133 862 1149 880 si

216 895 275 912 eidem
285 895 367 918 generali
378 895 462 918 Capitnlo
471 895 530 913 visum
540 895 596 912 suerit
606 895 698 918 expedire.

260 929 281 945 In
291 928 372 945 savorem
384 928 445 951 imque
458 928 514 946 studii
525 928 606 951 ejusdem
620 928 718 952 theologie,
730 931 749 945 ut
759 928 781 945 ab
791 928 881 951 alumpnis
895 929 976 951 ejusdem
987 928 1062 946 Ordinis
1075 929 1149 946 studen-

215 961 263 979 tibus
277 961 305 978 illi
317 961 418 979 ferventius
434 962 544 983 intendatur,
560 961 663 983 statuimus,
678 961 784 978 ordinamus
799 965 816 978 et
830 961 948 985 prohibemus
962 967 1056 985 expresse,
1069 961 1118 985 quod
1130 962 1148 979 in

215 994 266 1011 nullo
280 994 370 1011 dictorum
383 995 486 1012 studiorum
499 994 584 1018 legantur
597 994 627 1012 vel
640 994 736 1012 audiantur
746 995 787 1017 jura
801 995 894 1017 canonica,
907 1000 940 1012 nec
951 995 1004 1012 etiam
1015 999 1063 1012 extra
1076 994 1107 1012 illa
1116 1001 1149 1018 per

215 1027 293 1051 aliquem
304 1027 415 1045 studentium
429 1027 554 1049 eorumdem¹3
565 1028 616 1051 quod
624 1028 641 1045 si
651 1028 692 1050 quis
705 1028 814 1045 contrarium
825 1031 930 1051 attemptare
941 1028 1080 1051 presumpserit,
1090 1028 1115 1045 sit
1126 1034 1148 1045 eo

215 1061 256 1084 ipso
266 1061 288 1078 ad
299 1060 399 1078 claustrum
411 1066 465 1078 suurn
476 1060 498 1078 ab
507 1060 615 1083 hujusmodi
624 1060 685 1078 studio
699 1065 801 1082 revocatus,
814 1067 847 1078 nec
860 1061 965 1078 cellararius
978 1062 1068 1078 dictorum
1079 1061 1148 1078 studio-

215 1100 254 1111 rum
267 1100 289 1111 ex
299 1097 342 1111 tunc
355 1094 375 1111 in
387 1094 448 1117 aliquo
461 1094 488 1111 illi
500 1094 600 1117 provideat,
617 1094 650 1111 sed
662 1094 783 1111 incontinenti
798 1094 820 1111 ad
835 1095 928 1117 proprium
943 1094 1073 1111 monasterium
1086 1094 1148 1111 remit-

215 1130 268 1148 tatur,
283 1127 305 1144 de
318 1127 467 1150 transgressione
480 1133 500 1144 ac
514 1127 638 1144 inobedientia
650 1126 756 1150 hujusmodi
770 1127 870 1144 secundum
885 1127 979 1144 arbitrium
994 1127 1064 1144 abbatis
1079 1127 1147 1150 proprii

214 1161 325 1184 puniendus.
339 1161 362 1177 Et
374 1164 393 1177 ut
404 1160 424 1177 in
436 1160 490 1177 dictis
502 1160 568 1178 studiis
582 1166 615 1184 pro
627 1160 744 1177 studentibus
756 1160 775 1177 in
785 1161 812 1177 eis
823 1160 925 1177 necessaria
934 1166 971 1177 non
983 1160 1044 1177 desint
1052 1160 1147 1183 obsequia.

213 1194 298 1211 volumus
310 1197 328 1211 et.
339 1194 450 1215 ordinamus,
465 1197 484 1211 ut
498 1194 562 1217 prefati
572 1193 653 1215 abbates,
664 1194 746 1217 ipsorum
759 1194 861 1211 studiorum
874 1197 961 1214 rectores,
974 1194 993 1210 in
1004 1194 1030 1210 eis
1041 1193 1147 1216 provideant

215 1227 238 1244 de
247 1227 348 1244 cellarariis
359 1230 376 1244 et
386 1227 426 1244 aliis
437 1227 545 1244 officialibus
555 1227 634 1248 idoneis,
643 1230 697 1250 prout
706 1227 807 1244 necessitas
817 1226 846 1244 vel
860 1227 928 1244 utilitas
938 1226 1037 1249 cujuslibet
1047 1227 1147 1244 studiorum

215 1260 296 1283 requiret
306 1260 396 1283 ipsorum,
411 1260 497 1283 quodque
510 1261 546 1283 ipsi
559 1260 648 1277 cellararii
659 1264 677 1277 et
686 1260 773 1277 officiales
784 1261 907 1283 juramentum
920 1260 1027 1283 prestabant
1037 1260 1059 1277 de
1070 1260 1148 1277 fideliter

215 1293 346 1316 dispensando,
359 1299 379 1310 ac
393 1294 415 1310 de
429 1294 507 1316 receptis
518 1296 536 1310 et
546 1294 631 1316 expensis
645 1294 733 1310 rationem
745 1293 847 1314 reddendo,
860 1293 1013 1316 quemadmodum
1025 1293 1110 1316 superius
1120 1297 1148 1310 est

214 1332 328 1349 expressum.
526 1327 529 1330 ”

259 1360 281 1376 Et
291 1359 333 1382 quia
346 1359 400 1376 decet
408 1362 427 1375 et
436 1359 515 1382 expedit,
528 1363 549 1377 ut
561 1360 609 1377 inter
622 1360 682 1377 studia
695 1363 754 1377 cetera
768 1360 848 1377 studium
858 1360 961 1377 Parisiense
974 1359 1064 1381 refloreat,
1076 1363 1093 1377 et
1103 1360 1148 1383 juge

215 1392 255 1410 sine
270 1392 412 1409 intermissionis
428 1392 525 1415 dispendio
539 1392 632 1414 habeatur,
648 1393 744 1410 statuimus
759 1396 776 1410 et
791 1394 896 1410 ordinamus
911 1393 960 1416 quod
974 1394 993 1410 in
1009 1394 1073 1411 eodem
1087 1393 1148 1410 studio

215 1425 314 1443 Parisiensi
330 1425 440 1448 deputentur
454 1425 543 1449 magistri,
555 1425 657 1447 baccalarii,
671 1429 689 1443 et
701 1426 779 1444 lectores
793 1427 859 1448 Biblie,
869 1433 890 1444 ac
901 1427 1014 1450 provisores,
1025 1427 1121 1448 cellararii,
1132 1429 1149 1443 et

215 1459 246 1476 alii
259 1458 347 1476 officiales
362 1458 439 1482 predicti
452 1458 527 1476 Ordinis
542 1465 574 1482 per
589 1459 691 1482 Capitulum
708 1460 800 1483 generale,
814 1460 868 1482 Quod
883 1460 899 1477 si
912 1460 949 1483 ipsi
962 1460 992 1477 vel
1006 1460 1072 1483 aliquis
1086 1466 1148 1477 eorum

277 1489 292 1498 n
301 1488 350 1500 Chart-
361 1487 401 1500 Univ.
409 1488 458 1500 Par-is.
467 1488 483 1502 ΙΙ,
492 1488 504 1500 1.
1072 1489 1086 1501 ⁵⁷
