1308 1835
212 203 260 221 13³6]
413 210 436 222 n
454 210 507 222 amno
523 209 641 221 mcccxxxvi
658 209 725 224 usqua
741 208 765 221 Λιι
781 208 852 220 anuum
867 207 939 219 necui..
1111 206 1143 222 457

211 245 259 262 cium
274 244 351 266 trahere,
367 251 463 268 quousque
479 246 530 269 nigra
547 246 586 264 faba
604 246 625 263 ab
642 245 704 269 aliquo
719 245 842 269 predictorum
859 244 995 268 magistrorum,
1009 248 1082 268 propter
1097 246 1143 263 elec-

211 278 279 295 tionem
293 283 384 300 quamque
397 278 423 294 ibi
435 282 539 295 vocatorum
553 282 571 295 et
584 281 743 301 congregatorum,
759 279 781 296 sit
794 279 872 296 inventa⁴
886 279 963 301 Ipsaque
977 277 1030 301 nigra
1042 278 1064 295 ab
1076 278 1142 301 aliquo,

210 310 266 330 modo
278 311 367 333 predicte,
381 311 460 332 inventa,
475 311 559 328 inventor
569 311 628 333 ipsius
638 311 697 334 nigre,
708 311 728 328 in
741 312 836 334 presencia
850 312 909 329 tocius
921 311 1007 332 nationiS,
1018 311 1073 328 debet
1086 311 1143 328 nomi-

211 349 254 361 nare
265 344 346 367 quinque
357 344 432 363 aliorum
443 344 579 367 magistrorum,
589 344 691 361 secundum
702 344 730 361 sui
740 344 818 366 lihitum,
827 345 921 366 honestos,
929 345 1041 362 sufficientes
1051 348 1070 362 et
1078 344 1142 361 bonos.

212 377 234 394 Et
244 377 271 394 illi
280 377 369 400 quinque,
380 377 401 393 ab
412 377 453 400 ipso
464 377 559 394 inventore
571 377 692 400 personaliter
702 377 796 398 nominati,
809 383 841 400 per
854 378 921 395 dictum
934 381 1067 401 proponentem
1078 377 1145 395 dehent

212 410 258 427 mitti
270 410 292 427 ad
303 409 408 433 eligendum
419 413 436 427 et
449 410 551 427 faciendum
564 410 659 427 officialem
674 416 707 427 seu
720 409 806 427 officiales
820 410 838 426 in
851 410 931 433 predicta
944 411 1019 428 nacione
1032 410 1144 432 deficientes,

212 446 230 460 et
239 443 270 460 illa
282 443 328 462 hora
341 443 447 466 eligendum
461 447 480 460 et
492 443 547 460 debet
561 443 655 466 predictus
668 448 772 466 proponens
787 448 819 459 eos
831 443 919 466 quinque,
931 449 941 460 a
954 444 1037 466 predicto
1050 443 1145 461 inventore

212 477 322 498 nominatos,
340 476 467 500 sollempniter
482 480 499 494 et
514 476 586 500 publice
603 477 663 493 facere
676 477 738 499 jurare
756 482 816 493 coram
830 479 867 493 tota
882 476 963 497 nacione,
980 477 1029 499 quod
1045 476 1112 494 bonum
1129 480 1146 493 et

212 510 315 531 honestum,
332 516 365 527 seu
378 510 437 527 bonos
450 513 467 527 et
479 510 574 531 honestos,
584 510 600 527 si
610 510 673 532 plures
686 510 723 527 sint
735 509 823 533 eligendi,
833 515 853 526 ac
863 509 920 526 eciam
929 509 1042 526 sufficientes
1053 510 1076 526 ad
1088 510 1145 526 hono·
1169 528 1173 530 μ

212 549 250 560 rem
263 547 280 560 et
294 543 395 566 profectum
406 543 462 560 tot-ius
476 543 564 564 nacionis,
579 543 628 560 omni
642 543 683 560 dolo
699 546 716 560 et
729 543 793 560 fraude
805 542 887 563 remotis,
901 542 971 565 eligent
984 546 1057 565 propter
1067 542 1145 560 officium

212 583 245 594 seu
258 576 316 594 officia
332 577 379 594 dicte
393 576 475 593 nacionis
489 576 598 598 exercenda‚
611 576 646 593 hoc
660 580 720 593 tamen
734 576 801 597 addito,
817 576 865 599 quod
880 575 896 592 si
909 575 993 593 inventor
1006 575 1045 592 fabe
1058 576 1110 598 nigre
1123 576 1146 593 sit

212 613 264 627 ortus
277 610 381 627 immediate
394 610 417 626 de
430 609 523 632 provincia
536 615 569 626 seu
581 609 738 632 archiepiscopatu
749 609 897 632 Rothomagensi,
912 608 967 626 dehet
979 609 1049 625 mittere
1060 612 1078 626 et
1087 609 1145 626 nomi-

213 646 303 667 nare-tres
313 646 364 659 ortos
377 643 399 659 de
413 642 460 659 dicta
472 642 565 665 provincia
575 648 608 659 seu
618 643 641 660 de
651 643 700 660 dicto
709 643 874 666 archiepiscopatu,
883 645 900 659 et
911 642 956 659 duos
965 642 988 659 de
999 648 1031 659 sex
1040 641 1145 659 diocesibus

212 682 245 693 seu
255 676 392 699 episcopatibus
399 667 430 693 *vel
440 676 541 699 provinciis
555 676 589 692 sub
604 675 651 693 dieto
666 676 772 699 episcopatu
788 676 885 693 contentis.
901 676 923 692 Et
936 675 952 692 si
966 675 1050 692 inventor
1065 675 1145 698 predicte

212 709 266 731 nigre
275 709 316 725 fabe
326 709 351 726 sit
360 712 411 726 ortus
422 709 444 726 de
453 709 514 732 aliquo
524 715 556 726 sex
567 709 705 732 episcopatuum
715 709 844 732 predictorum,
856 709 910 726 modo
920 708 1012 726 consimili
1022 708 1077 725 debet
1088 708 1146 725 nomi-

212 748 255 759 nare
266 745 283 758 et
293 742 365 759 mittere
374 742 397 759 ad
407 742 519 759 voluntatem
528 748 579 759 suam
589 745 627 759 tres
638 745 688 759 ortos
701 742 724 759 de
737 742 791 759 dictis
803 742 940 765 episcopatibus
952 745 971 759 et
985 742 1032 759 duos
1042 741 1064 758 de
1076 741 1146 758 archie-

212 775 313 798 piscopatu.
325 776 347 792 Et
357 775 372 792 si
383 775 481 798 eontigerit
489 775 540 798 quod
549 781 586 792 non
597 778 660 792 essent
668 775 694 792 ibi
706 778 743 792 tres
754 775 789 792 orti
803 775 826 792 de
840 775 1004 798 archiepiscopatu,
1018 775 1047 792 vel
1062 781 1071 792 e
1084 778 1145 792 contra

212 814 249 825 non
259 811 321 825 essent
335 808 361 825 ibi
375 811 412 825 tres
427 808 462 825 orti
477 808 499 824 de
513 814 545 825 sex
558 808 702 831 episcopatibus,
712 814 799 825 numerus
814 808 907 831 predictus
921 808 1035 831 eligentium,
1045 808 1144 825 secundum

211 841 323 858 voluntatem
333 841 434 858 inventoris
445 841 497 864 nigre
507 841 553 862 sabe,
565 840 619 857 debet
630 841 693 864 perfici
702 841 725 857 de
735 841 771 858 illis
782 841 814 864 qui
824 844 866 858 sunt
876 841 894 857 in
905 841 971 864 plurali
978 847 1061 858 numero.
1070 842 1093 858 Et
1102 841 1117 858 si
1127 841 1145 858 in

212 874 260 891 dicta
272 874 348 891 nacione
361 876 404 895 [non
417 874 470 897 sint?]
483 874 506 891 ad
518 874 579 891 minus
588 874 670 897 quinque
679 874 708 891 vel
719 880 751 892 sex
762 877 855 897 regentes,
865 880 885 891 ac
894 874 949 891 eciam
960 874 1062 891 secundum
1071 874 1145 891 sormam

211 907 310 931 predictam
322 907 380 925 vocati
391 911 408 924 et
419 907 524 931 cougregati
535 907 556 925 ad
568 907 673 931 eligendum
683 910 701 925 et
710 907 813 925 faciendum
823 907 918 925 officialem
926 913 958 925 seu
967 907 1053 925 officiales
1064 913 1145 931 quosque

212 940 325 962 deficientes,
336 941 405 964 eligere
416 947 453 958 non
462 944 574 964 presumant.

257 974 296 991 Hiis
310 977 370 991 autem
383 974 463 997 quinque
479 974 505 991 sic
517 974 540 991 ab
554 974 649 991 inventore
664 974 717 997 nigre
732 974 773 991 fabe
789 973 892 995 nominatis,
909 980 928 991 ac
939 974 992 991 etiam
1006 973 1028 991 ad
1041 974 1145 997 eligendum

212 1013 245 1030 pre
256 1010 337 1030 ternpore
351 1013 384 1030 per
396 1010 529 1030 proponentem
545 1007 613 1028 missis,
627 1013 647 1024 ac
660 1007 720 1028 etiam,
733 1007 833 1024 secundum
847 1007 920 1024 modum
930 1010 949 1024 et
957 1007 1033 1024 formam
1046 1007 1144 1030 predictos,

212 1046 272 1057 eorem
287 1043 323 1057 tota
337 1040 414 1057 nacione
426 1040 498 1062 juratis,
513 1040 580 1057 debent
590 1044 633 1057 tunc
642 1040 670 1057 illi
680 1040 761 1063 quinque
771 1046 791 1057 se
801 1040 824 1057 nd
833 1044 902 1063 partem
915 1040 993 1061 trahere,
1004 1043 1022 1057 et
1033 1040 1055 1057 ad
1067 1040 1145 1063 aliquem

211 1073 266 1090 alium
276 1073 336 1090 lecum
347 1073 391 1090 satis
401 1073 523 1096 propinquum
534 1073 628 1094 accedere,
639 1077 657 1090 et
671 1073 765 1090 officialem
779 1079 813 1090 seu
826 1073 913 1090 officiales
927 1073 946 1090 in
959 1073 1007 1090 dicta
1015 1073 1092 1090 nacione
1102 1073 1146 1090 defi-

212 1107 281 1123 cientes
295 1106 371 1129 eligere,
382 1112 401 1123 ac
412 1106 471 1123 facere
481 1106 582 1123 secundum
595 1106 670 1123 formam
681 1106 824 1129 subsequentem
839 1112 874 1129 que
889 1106 930 1123 talis
942 1109 976 1123 est.
989 1106 1042 1127 Quod
1055 1106 1071 1123 si
1082 1111 1146 1123 omnes

212 1139 239 1156 illi
249 1140 330 1162 quinque
340 1140 366 1156 sie
377 1139 428 1156 missi
438 1143 456 1156 et
463 1139 519 1162 jurati
529 1139 551 1156 ad
562 1139 668 1162 eligendum
685 1139 703 1156 in
721 1145 775 1156 unum
788 1139 869 1162 ipsorum
881 1139 968 1162 quinque,
979 1144 1012 1156 seu
1022 1139 1041 1156 in
1051 1139 1146 1161 quemdam

212 1173 267 1190 alium
286 1173 411 1196 predictorum
427 1172 556 1195 magistrorum
575 1176 615 1189 actu
632 1172 651 1189 in
669 1172 752 1189 facultate
767 1172 835 1189 arcium
853 1175 872 1189 et
887 1172 935 1189 dicta
951 1172 1028 1189 nacione
1044 1172 1146 1195 regentium

212 1206 317 1223 concordati
327 1206 395 1223 suerint
408 1209 426 1223 et
438 1206 490 1227 uniti,
506 1206 560 1223 debet
570 1205 602 1222 ille
616 1206 643 1223 sic
656 1206 726 1223 electus
744 1209 762 1223 et
779 1205 900 1223 concordatus
917 1205 996 1222 officium
1014 1211 1047 1228 pro
1065 1209 1146 1228 tempore

212 1243 289 1257 venturo
301 1239 391 1257 obtinere.
402 1240 422 1256 Si
432 1243 492 1256 autem
503 1239 526 1256 sit
540 1239 632 1256 discordia
643 1239 692 1256 inter
705 1245 738 1256 eos
751 1239 838 1262 quinque,
853 1242 871 1256 et
885 1239 904 1255 in
916 1244 973 1255 unum
986 1238 1098 1255 concordare
1108 1244 1145 1256 non

212 1273 310 1295 potuerint,
323 1276 341 1289 et
351 1273 387 1289 sint
396 1276 434 1289 tres
445 1278 466 1289 ex
477 1278 512 1290 una
522 1276 574 1296 parte
584 1276 602 1289 et
616 1272 652 1290 duo
666 1278 688 1289 ex
700 1272 740 1293 alia,
760 1272 817 1295 petito
833 1272 945 1289 sufficienter
961 1278 1053 1289 consensu
1069 1272 1145 1289 alierum

211 1305 290 1322 duorum
299 1311 336 1322 non
347 1306 500 1323 concordancium
510 1312 543 1329 per
552 1306 632 1328 aliquem
643 1306 697 1322 trium
708 1305 863 1326 eoncordanzium,
876 1305 907 1322 ille
918 1305 949 1328 qui
959 1311 970 1322 a
978 1305 1038 1322 tribus
1049 1308 1077 1322 est
1088 1305 1146 1322 nomi—

211 1341 265 1355 natus
276 1341 295 1355 et
306 1338 428 1355 concordatus
439 1339 493 1355 debet
504 1339 581 1356 officium
595 1345 628 1362 pro
638 1342 720 1361 tempom
729 1338 790 1356 futuro
801 1338 892 1360 ohtinere3
904 1341 922 1355 et
935 1338 1000 1355 eedem
1012 1338 1073 1360 modo,
1084 1338 1099 1355 si
1109 1339 1147 1355 sint.

211 1374 289 1394 quatuor
298 1371 322 1388 ad
332 1377 388 1388 unum
398 1374 417 1388 et
426 1377 474 1389 unus
484 1377 517 1394 per
527 1378 553 1393 se,
565 1378 600 1389 vox
609 1372 671 1393 unius,
682 1378 716 1389 suo
731 1371 787 1394 petito
802 1377 901 1393 consensu,
914 1377 951 1389 non
965 1375 1026 1395 potest
1038 1371 1145 1389 electionem

211 1404 289 1422 aliorum
298 1404 394 1428 impedire.
406 1404 424 1422 Si
435 1408 494 1422 autem
505 1405 552 1422 inter
562 1410 594 1422 eos
604 1404 660 1422 suerit
669 1404 761 1422 discordia
771 1404 818 1426 talis,
829 1405 879 1428 quod
888 1404 924 1422 duo
933 1404 1045 1422 concordent
1054 1405 1073 1422 in
1083 1411 1145 1426 unum,

212 1441 231 1455 et
240 1437 276 1455 duo
287 1438 305 1455 in
315 1438 411 1463 quemdam
421 1437 482 1459 alium,
494 1441 512 1455 et
520 1437 567 1454 alter
576 1438 595 1454 in
606 1438 683 1455 tercium
697 1437 758 1459 alium,
772 1438 801 1455 vel
812 1438 889 1461 quilibet
902 1443 934 1461 per
947 1444 967 1455 se
982 1438 1001 1455 in
1013 1438 1068 1455 alium
1082 1444 1145 1458 unum,

211 1470 257 1488 hora
267 1470 349 1494 predicta
358 1474 471 1492 transeunte,
482 1474 500 1488 et
510 1474 591 1494 tempore
602 1474 619 1488 et
628 1470 673 1488 hora
683 1477 693 1488 a
702 1471 790 1494 predictis
804 1471 897 1494 magistris
910 1477 947 1488 non
960 1471 1072 1494 dispensate,
1087 1476 1146 1494 neque

274 1500 291 1510 *a
299 1500 348 1513 onan.
359 1500 398 1513 vnin.
407 1499 454 1513 Paris,
463 1500 480 1515 11,
488 1500 500 1513 ¹.
1069 1499 1084 1512 1⁵8
