1308 1835
200 214 249 234 1328]
402 221 426 233 ΑΒ
442 222 495 234 nmo
511 223 628 234 mcccxxxvn
646 223 712 238 usque
730 223 753 233 An
770 222 840 234 annun
857 222 928 234 necem.
1097 221 1129 237 311

199 257 294 281 legittima,
310 258 396 281 quinymo
410 259 452 281 typo
467 258 541 279 malitie,
557 259 622 279 solum,
632 259 680 276 sicut
692 259 756 279 fertur,
770 262 789 275 ut
803 259 862 275 taliter
876 258 975 280 impeditus
986 264 1023 275 non
1035 262 1098 281 posset
1108 261 1130 276 ad

199 291 286 308 lecturam
300 291 433 308 Sententiarum
446 291 527 308 Parisius
539 294 558 307 et
569 291 591 308 ad
603 294 669 307 statum
682 291 782 313 magisterii
794 291 903 314 promoveri,
914 291 961 307 sicut
970 290 1029 307 eidem
1043 291 1130 308 cardinali

199 323 296 341 multorum
308 323 442 346 fldedignorum
452 324 526 340 fratrum
537 323 619 345 ejusdem
627 323 703 340 Ordinis
712 323 791 340 veridica
802 324 865 341 relatio
873 323 963 346 patefecit,
972 323 1006 340 fuit
1017 329 1049 346 per
1058 326 1130 340 senten-

199 357 241 374 tiam
254 356 277 373 ad
289 362 380 373 carcerem
392 356 484 378 judicatus
497 359 514 372 et
524 355 634 378 provisione,
646 361 698 378 quam
709 356 790 378 recipere
800 362 810 372 a
820 356 912 378 provincia
923 356 1010 373 debuerat
1020 356 1129 379 supradicta,

199 389 221 406 ab
234 389 304 406 eisdem
317 389 376 405 extitit
386 389 454 411 injuste
469 388 555 411 privatus.
567 389 644 411 Propter
657 388 706 410 quod
719 388 783 405 eodem
796 389 863 405 Jacubo
875 389 898 405 ad
911 402 922 405 ,i
935 389 1039 411 generalem
1051 389 1129 411 priorem

199 422 242 439 dicti
258 422 334 439 Ordinis
350 418 406 444 super
420 422 473 438 dictis
488 421 623 444 gravaminibus
640 424 657 437 et
673 421 745 443 injuriis
762 427 799 438 non
812 421 881 444 absque
898 421 993 439 laboribus
1010 425 1027 439 et
1044 422 1130 444 expensis

198 455 285 478 gravibus
295 457 408 476 recurrente,
417 454 466 472 idern
476 454 526 477 prior
535 454 627 477 generalis
638 454 745 471 sententiam
755 454 855 476 predictam
865 454 961 477 suspendit
970 461 1010 471 enm
1021 454 1055 472 sibi
1065 454 1130 472 exami-

198 488 276 505 nandam
284 493 386 508 reservans,
398 487 502 510 dictumque
512 487 598 505 Jacobum
609 490 692 510 tauquam
703 487 772 504 bonum
783 490 802 504 et
813 487 933 504 sufficientem
946 487 1015 510 absque
1028 488 1077 504 omni
1087 491 1129 504 nota

198 520 284 542 culpabili
294 526 329 536 una
340 526 380 537 cum
391 520 458 537 dilecto
468 520 505 537 filio
515 520 596 537 Iohanne
606 520 703 543 Pangiota*
714 520 757 537 dicti
768 520 842 537 Ordinis
853 526 903 537 sacre
916 520 982 542 pagine
993 520 1097 542 professore
1108 520 1129 537 ad

197 553 256 575 ipsius
266 553 371 574 cardinalis,
381 556 423 569 tunc
436 553 568 576 archiepiscopi
581 553 701 576 Neapolitani,
714 553 823 576 obsequium
836 552 934 575 deputavit,
948 553 1032 575 dictoque
1043 553 1129 570 cardinali

198 589 253 602 totam
267 592 318 602 suam
332 586 455 603 auctoritatem
471 592 527 609 super
541 592 619 609 persona
632 586 715 609 ejusdem
729 586 791 603 Jacobi
805 592 838 609 por
851 586 922 603 litteras
935 589 1019 608 patentes
1031 586 1128 606 concussit,

198 618 265 635 dictum
282 618 370 635 iacobum
386 618 408 635 ab
425 618 510 635 omnibus
527 619 634 637 officialibus
651 619 694 636 dicti
711 619 836 643 Ordinisrper
852 618 926 636 easdem
943 618 1013 635 litteras
1026 619 1128 635 eximendo.

198 651 294 674 Quodque,
305 657 346 668 cum
359 651 418 668 dictus
432 651 510 668 Jacobus
523 652 546 668 ad
559 652 626 669 dictum
639 652 755 673 cardinalem,
767 656 809 669 tunc
822 652 988 675 archiepiscopum,
998 658 1019 668 se
1031 652 1128 669 conferret,

198 684 251 701 dictis
263 684 357 706 fratribus,
373 684 404 707 qui
418 684 470 707 prius
483 684 544 707 inique
560 688 687 707 processerant
700 689 762 702 contra
777 691 824 707 eum⁷
840 685 979 708 procurantibus
994 691 1027 707 per
1042 685 1128 707 quosdam

197 717 244 734 alios
253 717 317 734 fratres
328 717 411 740 ejusdem
424 717 499 734 Ordinis
511 717 585 734 illorum
598 718 617 734 in
630 718 663 741 bac
674 721 723 741 parte
734 718 832 741 complices
842 721 860 735 et
869 718 949 735 fautores
959 718 1001 740 [non
1015 718 1129 735 obstantibus

196 750 275 771 lieentia,
293 750 408 773 exemptione
427 753 445 767 et
464 751 586 773 suspensione
602 750 708 773 hujusmodi
724 751 744 768 in
760 751 834 774 scriptis
852 751 936 772 redactis,
956 757 1031 774 quarum
1049 751 1128 768 omnium

197 786 279 806 patentes
289 783 359 800 litteras
369 783 451 806 ejusdem
461 783 528 806 prioris
537 783 630 806 generalis
642 789 704 800 secum
715 783 762 800 idem
774 783 852 800 jacobus
863 783 956 801 deserebat
965 787 984 800 et.
996 784 1033 800 illis
1043 784 1130 805 ostendit)

196 819 266 839 captus,
277 816 343 833 litteris
353 816 440 839 predictis
450 819 468 833 ct
477 816 533 833 rebus
543 816 628 833 omnihus
638 816 674 833 sibi
684 822 716 839 per
726 816 793 833 dictum
802 816 889 833 Ordinem
897 816 923 833 sic
931 817 1025 833 concessis
1033 816 1129 839 spoliatus,

196 852 215 866 et
227 849 295 866 carceri
309 849 328 866 in
341 849 461 872 compedibus
473 849 538 866 ferreis
552 849 610 866 extitit
622 849 741 871 mancipatus,
755 852 773 866 et
786 855 819 871 per
833 852 872 866 octo
886 849 926 866 dies
939 849 1024 866 detentus
1038 849 1097 866 taliter
1111 849 1130 866 in

196 888 269 899 earcere
279 882 390 905 supradicto,
402 885 419 899 et
428 888 462 905 per
471 882 559 905 quosdam
569 888 592 899 ex
601 882 628 899 eis
638 882 769 899 nichilominus
778 882 825 905 apud
836 888 901 905 graves
914 888 1003 905 personas
1014 882 1059 899 salso
1070 882 1130 898 multi-

196 915 268 938 pliciter
281 915 389 936 diffamatus,
403 915 426 932 oh
440 916 492 938 cujus
505 915 589 932 timorem
602 915 681 932 carceris
692 915 776 938 Angelus
788 915 810 932 de
823 915 899 932 Perusia
911 914 973 938 laycus
987 921 1020 932 seu
1029 920 1130 932 conversus

196 948 272 967 Ordinis
282 945 436 969 memoratistunc
446 948 507 965 socius
518 948 561 965 dicti
575 948 638 965 Jacobi
653 951 670 965 et
684 948 778 965 familiaris
789 948 886 965 cardinalis
899 948 989 970 ejusdem,
1002 948 1063 971 posuit
1077 954 1096 965 se
1111 948 1130 965 in

196 981 245 1004 fuga,
256 985 275 998 et
286 982 338 998 solus
347 982 410 999 venire
423 987 499 999 necesse
513 981 576 998 habuit
589 981 611 998 ad
623 981 734 1004 presentiam
746 981 849 1002 cardinalis,
863 984 905 998 tunc
918 981 1052 1004 archiepiscopi
1066 987 1130 1004 supra—

196 1015 247 1036 dicti,
257 1020 290 1031 nec
301 1018 376 1037 propter
384 1014 484 1031 absentiam
495 1014 538 1031 dicti
549 1014 616 1037 prioris
626 1014 718 1037 generalis
728 1014 747 1031 in
759 1014 834 1031 remotis
846 1015 918 1037 agentis
931 1014 974 1031 dicti
988 1020 1074 1031 excessus
1087 1018 1129 1031 tunc

196 1048 265 1070 corrigi
278 1051 382 1070 potuerunt.
397 1048 456 1069 Quare
470 1048 551 1070 prefatus
565 1047 662 1064 cardinalis
677 1047 730 1064 nobis
745 1047 839 1064 humiliter
853 1047 962 1070 supplicavit
976 1050 1002 1068 ut,
1018 1053 1040 1065 ne
1055 1050 1130 1070 propter

196 1077 321 1103 impunitatem
332 1077 394 1098 eorum
405 1080 445 1097 aliis
455 1080 572 1103 perpetrandi
583 1081 649 1097 similia
661 1080 735 1097 audacia
748 1080 867 1102 ministretur,
880 1080 979 1103 providere
992 1086 1048 1103 super
1059 1080 1094 1097 hoc
1107 1080 1129 1097 de

196 1117 287 1136 oportuno
299 1113 381 1131 remedio
393 1113 516 1136 dignaremur.
528 1114 617 1135 Quocirca
629 1113 735 1131 discretioni
745 1117 805 1131 vestre
815 1119 848 1136 per
857 1113 957 1136 apostolica
966 1113 1033 1136 scripta
1047 1113 1128 1130 commit-

197 1147 252 1164 timus
261 1150 280 1163 et
289 1147 395 1164 mandamus
405 1147 490 1169 quatinus
500 1147 522 1163 ad
531 1147 592 1164 locum
602 1153 635 1164 seu
645 1147 685 1164 loca
693 1147 713 1164 in
722 1146 789 1169 quibus
798 1147 831 1163 hec
839 1150 940 1169 perpetrata
947 1147 1022 1163 suerunt
1029 1147 1045 1163 si
1053 1146 1129 1163 comode

196 1180 286 1202 poteritis,
304 1179 412 1197 accedentes
429 1179 516 1202 (alioquin
533 1180 553 1197 in
569 1180 632 1197 eadem
649 1180 741 1203 provincia
757 1180 826 1197 vocatis
841 1179 864 1196 ad
878 1179 989 1202 presentiam
1004 1182 1083 1197 vestram
1098 1179 1130 1203 qui

196 1213 264 1230 fuerint
279 1213 373 1235 evocandi)
386 1213 409 1230 de
422 1213 519 1236 premissis
533 1213 640 1230 excessibus
653 1213 757 1230 auctoritate
773 1216 835 1231 nostra
847 1212 955 1236 diligentius
967 1213 1070 1236 inquiratis,
1084 1216 1101 1230 et
1114 1213 1129 1230 si

196 1241 304 1263 inveneritis
314 1246 338 1263 ita
348 1251 397 1267 esse,
407 1246 466 1263 eidem
476 1246 543 1263 Jacoho
558 1246 580 1263 de
594 1246 680 1263 omnihus
692 1246 776 1269 dampnis
788 1252 845 1269 super
857 1246 910 1263 dictis
924 1246 979 1263 rebus
990 1246 1025 1264 sibi
1035 1246 1130 1264 concessis

196 1285 229 1301 per
243 1279 311 1296 dictum
321 1279 415 1300 Ordinem.
427 1282 446 1296 ut
456 1279 553 1302 prefertur,
564 1280 580 1296 ei
594 1279 690 1297 occasione
703 1279 835 1302 premissorum
847 1279 902 1297 illatis
916 1283 934 1297 et
947 1279 1033 1303 expensis
1046 1285 1079 1303 per
1088 1285 1128 1297 eum

197 1315 271 1334 propter
284 1311 319 1328 hoc
332 1312 384 1329 saetis
399 1312 484 1330 satisfieri
496 1312 573 1334 faciatis,
588 1312 648 1335 ipsum
660 1312 767 1329 auctoritate
781 1312 862 1335 predicta
872 1312 1002 1329 nichilominus
1017 1312 1128 1330 declarantes

196 1344 264 1361 nullam
274 1345 320 1361 fame
327 1345 415 1367 jacturam
429 1344 459 1362 vel
468 1344 557 1361 lesionem
567 1345 663 1361 occasione
673 1345 805 1367 premissorum
815 1345 930 1368 aliquatenus
941 1345 1049 1366 incurrisse,
1062 1345 1129 1362 dictos-

196 1384 231 1401 que
241 1378 306 1395 fratres
316 1378 406 1395 dictorum
417 1384 525 1396 excessuum
535 1381 643 1401 patratores,
651 1381 669 1395 et
679 1384 711 1395 eos
722 1378 753 1401 qui
761 1384 817 1401 super
827 1378 862 1395 hiis
870 1378 961 1395 dederunt
967 1379 1060 1399 auxilium,
1068 1379 1130 1399 consi·v

196 1411 240 1428 lium
255 1414 273 1428 et
285 1411 373 1432 favorem,
387 1411 440 1433 penis
454 1411 520 1428 debitis
533 1414 589 1434 prout
600 1411 670 1433 justum
685 1411 740 1428 suerit
753 1410 874 1434 appellatione
890 1411 993 1434 postposita
1007 1411 1128 1434 percellentes

193 1445 245 1467 juxta
255 1444 337 1467 ejusdem
348 1443 423 1461 Ordinis
434 1447 504 1465 statuta,
518 1447 536 1461 et
549 1443 565 1461 si
578 1443 656 1461 eundem
665 1443 752 1460 Iacobum
763 1443 816 1460 talem
826 1443 897 1466 culpam
907 1443 1014 1466 repereritis
1026 1443 1127 1463 comisisse,

196 1470 271 1501 propter
281 1483 334 1500 quam
348 1475 429 1500 predicta
441 1476 526 1494 debuerit
538 1476 603 1493 merito
618 1476 729 1497 substinere¹
740 1482 781 1493 eum
796 1476 880 1493 similiter
894 1476 972 1498 puniatis
985 1476 1035 1497 juxta
1046 1475 1128 1498 ejusdem
