1308 1835
160 206 193 224 428
452 213 611 225 cuanrummun
627 213 722 225 univers.
740 213 804 225 rarus.
1044 208 1094 226 [1333

160 255 245 267 sermone
256 250 409 273 dogmatizaverat
418 253 481 273 captus
490 250 524 267 suit
533 250 623 267 Avinione
634 249 655 266 ab
667 245 806 273 inquisitoribus
816 250 896 267 heretice
906 250 1006 273 pravitatis)
1013 250 1094 267 existens

160 282 245 300 detentus
255 289 266 299 a
275 282 329 300 dictis
342 282 484 305 inquisitoribus
497 283 592 305 quemdam
603 282 694 299 libellum'
705 283 808 306 composuit
818 283 840 299 ad
850 283 978 300 sustinendum
988 283 1047 306 aliqua
1058 289 1094 306 que

160 316 230 333 dixerat
244 315 263 332 in
276 315 360 338 predicto
374 321 465 337 sermone,
480 316 499 332 in
515 321 551 338 quo
565 316 681 333 continentur
696 322 768 333 errores
782 316 833 337 certi,
848 319 868 332 ut
882 316 965 332 nonnulli
979 316 1062 339 magistri
1074 316 1094 333 in

159 349 252 372 theologia
265 352 357 370 asserunt,
370 355 417 372 quos
426 349 459 366 tibi
471 355 507 366 una
517 355 558 366 cum
567 349 631 366 libello
641 349 723 372 predicto
736 349 876 366 transmittimus
885 354 918 372 per
927 349 1041 372 presentium
1051 354 1095 372 por-

160 381 239 399 morem.
254 382 300 399 Item
314 381 364 405 quod
378 382 417 399 filio
431 385 494 399 nostro
507 382 526 399 in
539 382 612 399 Christo
626 382 721 399 carissimo
735 382 819 405 Philippo
831 382 871 405 regi
885 382 960 399 Francis
970 382 1039 399 illustri
1048 382 1095 399 scri-

160 414 238 436 hisnus¹,
247 415 298 438 quod
310 415 344 432 tibi
359 415 474 432 auctoritates
488 421 539 432 sacre
552 416 644 438 Scripture
654 419 673 432 et
681 419 793 437 sanctorum,
805 421 851 438 quas
863 416 883 432 in
894 415 963 432 nostris
976 415 1093 432 sermonibus

160 448 265 465 induximus
275 448 294 465 in
304 448 400 472 questione
413 448 451 470 illa,
464 452 525 466 utrum
537 449 596 466 anime
609 452 691 472 separate
701 454 710 466 a
720 448 829 472 corporibus
841 452 918 472 purgate
930 448 1005 466 videant
1014 448 1093 466 divinam

160 481 258 499 essentiam
275 481 306 499 illa
321 482 394 499 visione
410 488 463 505 quam
480 485 531 499 vocat
548 481 648 505 Apostolus
666 481 757 503 facialem‚
774 485 794 498 ut
810 482 892 504 ejusdem
911 482 1022 505 questionis,
1040 487 1092 505 quam

160 515 275 538 Augustinus
289 515 380 532 interdum
392 516 411 532 in
424 515 520 538 scripturis
533 515 572 532 suis
585 514 676 538 reputavit
686 514 785 536 difficilem,
796 518 814 533 et
825 514 844 531 iu
857 520 891 537 qua
903 518 939 532 tam
949 515 989 538 ipse
999 521 1052 538 quarn
1063 514 1094 532 alii

160 548 245 565 doctores
257 549 338 566 variasse
353 548 444 569 dicuntur,
458 548 525 565 veritas
538 551 602 571 posset
614 548 692 571 reperiri
705 547 766 571 potius
777 547 800 564 ad
812 547 863 564 illum
875 547 937 569 finem,
947 551 968 565 ut
978 547 1013 565 sihi
1025 547 1067 565 illas
1077 548 1093 565 si

160 581 240 604 placeret
253 581 317 599 audire
332 587 439 604 exponeres,
455 580 540 598 duximus
554 580 680 604 assignandas.
696 580 776 604 Ideoque
790 584 837 598 tuam
851 580 965 604 prudentiam
977 580 1095 598 exhortamur

159 614 179 631 in
188 615 267 632 Domino
277 618 295 631 et
304 620 397 637 rogamus,
410 617 430 631 ut
440 613 462 631 ad
474 614 601 637 exponendum
611 614 728 631 auctoritates
738 614 829 637 predictas
839 614 875 631 sibi
885 613 971 631 exhibeas
979 617 996 631 te
1004 617 1092 637 paratum.

159 648 182 664 Et
191 648 207 665 si
216 648 274 665 dictas
282 647 406 668 auctoritates,
417 650 436 664 ut
446 647 465 664 in
474 652 550 664 recessu
558 650 590 664 tue
600 647 654 664 nobis
664 651 681 664 te
691 648 780 664 facturum
791 647 859 668 dixisti,
869 646 1021 670 vulgarizaveras,
1032 647 1093 664 eidem

159 681 200 703 regi
210 686 230 698 uc
240 680 277 697 filie
287 684 350 697 nostre
360 680 379 697 in
389 680 462 698 Christo
472 680 566 697 carissime
578 680 660 697 Johanne
671 680 734 704 regine
746 680 823 697 Francie
832 680 899 697 illustri
912 680 961 703 ipsas
973 680 1094 703 vulgarizatas

160 714 234 731 studeas
248 714 360 737 assignare’,
375 719 396 731 ac
410 713 429 730 in
443 713 538 736 premissis
553 717 571 730 et
584 713 625 730 aliis
640 714 674 730 Dei
688 713 784 730 ecclesiam
798 713 915 736 tangentibus
925 714 977 736 juxta
991 719 1062 730 morem
1076 717 1093 730 te

159 746 226 763 habeas
236 746 370 770 diligenter
381 747 421 763 Dat.
431 746 527 763 Avenione
537 747 574 769 xiiij
585 746 620 763 kal.
632 746 745 767 Decembris.
756 752 803 763 anno
813 747 863 769 xviij.

206 794 238 811 tteg.
245 795 274 807 Vct⁴
282 795 333 808 Secret.
340 795 404 807 Iohanni«
411 795 451 810 xxu,
458 799 479 808 an.
488 795 508 810 1⁸,
515 798 529 807 n·
536 796 564 811 11⁷,
571 799 592 812 ep.
599 796 626 810 ⁹⁷⁹,
634 795 657 808 1⁰1.
666 795 702 808 wsb.

207 838 218 848 1»
227 837 248 849 De
256 837 348 850 imtcmtt'but
356 837 371 849 V·
380 841 421 853 supra
430 839 446 850 u·
456 838 485 853 ⁴³71,
496 839 528 850 nou
536 838 548 850 8.
555 844 570 847 —
579 838 590 850 2.
599 838 615 850 V,
623 839 649 850 u·-
658 838 686 850 97⁸.
696 844 712 847 -
721 838 733 850 ³.
742 837 759 850 ln
767 837 800 854 Reg.
810 837 832 850 hie
841 837 890 850 iurum
902 837 976 853 repetiuit-1
984 841 990 849 α
998 836 1023 849 tihi
1032 836 1094 848 duximus

160 858 270 871 transmittenda
277 863 289 871 θ.

159 925 215 945 980.
225 931 298 945 Mamm
305 931 347 945 iarn
353 931 373 945 aa
379 931 463 950 Philxppum
472 925 494 949 νἰ,
502 936 549 950 regom
555 932 630 950 mancine,
639 932 657 946 ae
665 931 749 946 masth„
758 931 820 945 nomae
828 931 891 945 ιναιιω.

735 977 772 992 1233,
779 977 852 990 Novembris·
858 976 878 992 18,
885 976 950 990 lumbus.

205 1013 251 1036 Regi
265 1013 346 1031 Fraucie.
362 1014 397 1031 Fili
411 1014 511 1035 carissime,
525 1020 558 1037 per
572 1014 634 1037 plures
649 1014 695 1036 dies,
710 1017 805 1037 antequam
819 1013 841 1031 ad
855 1020 889 1031 nos
902 1014 953 1037 regie
965 1014 1025 1031 littere
1039 1019 1094 1037 super

160 1046 207 1063 facto
222 1047 283 1064 fratris
298 1047 367 1064 Thome
382 1047 457 1064 Ordinis
471 1047 614 1069 Predicatorum,
632 1047 663 1070 qui
677 1047 768 1064 Avinione
785 1047 900 1064 detinebatur
916 1047 938 1064 ab
952 1047 1094 1070 inquisitoribus

160 1080 253 1102 pravitatis
269 1080 357 1101 heretice,
374 1080 510 1103 pervenissent,
525 1080 587 1097 audito
602 1080 650 1103 quod
664 1080 808 1103 conquerebatur
826 1080 848 1097 de
866 1080 920 1097 dictis
933 1080 1093 1103 inquisitoribus',

160 1112 221 1135 ipsum
231 1113 253 1130 de
266 1113 348 1136 ipsorum
361 1113 478 1130 liberavimus
489 1113 573 1130 manibus
582 1113 605 1130 ad
617 1117 700 1130 nostrum
711 1113 800 1136 palacium
810 1113 897 1130 facientes
909 1113 975 1130 adduci
980 1114 992 1130 ².
1004 1113 1057 1134 Sane,
1068 1113 1094 1130 fili

160 1146 261 1168 carissime,
276 1146 324 1163 circa
338 1146 404 1163 factum
419 1146 469 1163 illius
484 1146 591 1163 excellentie
605 1150 635 1163 tue
648 1152 747 1169 suppressa
760 1146 795 1163 suit
807 1146 881 1167 veritas,
892 1149 910 1163 et
921 1145 989 1163 falsitas
1000 1146 1019 1163 in
1032 1146 1094 1163 multis

161 1179 249 1202 subjecta.
269 1180 309 1196 Non
325 1179 373 1196 enim
391 1183 466 1202 propter
485 1179 529 1201 hoc,
552 1179 601 1202 quod
620 1179 644 1196 de
664 1179 758 1196 animabus
774 1183 879 1196 sanctorum
896 1179 966 1196 dixerat
985 1179 1035 1202 quod
1052 1182 1094 1196 ante

161 1212 304 1235 resumptionem
320 1218 417 1236 corporum
431 1212 517 1230 videbant
529 1212 576 1229 facie
589 1212 612 1229 ad
624 1212 688 1229 faciem
703 1212 782 1229 divinam
796 1212 902 1233 essentiam,
916 1212 975 1229 fuerat
987 1212 1072 1229 detentus
1084 1218 1093 1229 a

161 1245 271 1268 supradietis
280 1245 439 1268 inquisitoribus',
447 1245 480 1262 sed
491 1245 532 1268 quia
542 1246 560 1262 in
571 1245 635 1262 eodem
645 1251 731 1262 sermone
740 1245 793 1268 plura
802 1244 896 1267 predicare
906 1248 1049 1268 presumpserat,
1058 1247 1093 1268 qu'e

161 1284 194 1301 per
204 1278 267 1301 plures
276 1278 375 1301 magistros
385 1278 403 1295 in
415 1278 508 1301 theologia
518 1281 559 1295 sunt
568 1278 648 1301 judicata
658 1278 685 1295 sic
696 1283 778 1299 erronea,
789 1278 838 1301 quod
849 1284 868 1295 ea
882 1278 998 1302 pertinaciter
1008 1284 1094 1295 asserens

160 1311 253 1328 hereticus
270 1314 298 1328 est
314 1311 424 1332 censendus,
442 1314 496 1334 prout
512 1305 621 1328 venerabilis
638 1311 693 1328 frater
709 1314 772 1328 noster
786 1311 851 1328 Petrus
865 1311 1018 1334 Rothomagensis
1035 1311 1094 1328 archi-

161 1344 259 1368 episcopus
274 1344 339 1361 debuit
355 1344 479 1362 excellentiam
494 1344 562 1367 regiam
578 1344 682 1361 informare.
700 1344 737 1361 Nec
753 1344 789 1361 hiis
805 1348 908 1367 contentus,
923 1344 964 1361 dum
981 1344 1094 1361 detineretur

160 1385 170 1395 a
181 1378 234 1395 dictis
246 1378 394 1401 inquisitoribus,
405 1378 500 1401 quemdam
514 1377 596 1395 libellum
609 1378 712 1401 composuit
724 1378 742 1395 in
752 1384 789 1401 quo
798 1378 845 1395 ultra
858 1379 913 1401 xvjssim
922 1378 1008 1395 dicuntur
1018 1378 1093 1395 hereses

160 1411 256 1433 contineri,
267 1411 289 1428 de
300 1411 367 1434 quibus
380 1411 528 1434 archiepiscopus
543 1411 644 1434 predictus,
657 1411 686 1428 cui
697 1415 714 1429 et
727 1411 808 1428 libellum
820 1415 837 1429 et
849 1417 921 1429 errores
933 1411 952 1428 in
964 1417 987 1428 eo
997 1415 1093 1432 contentos

160 1444 254 1465 mittimus,
271 1444 454 1467 circumspectionem
470 1444 538 1468 regiam
555 1445 622 1467 poterit
641 1444 657 1461 si
671 1444 745 1462 libuerit
763 1444 816 1461 latius
833 1444 937 1462 informare.
958 1445 1040 1467 Ideoque
1055 1450 1093 1461 non

159 1477 236 1495 miretur
245 1477 296 1500 regia
305 1477 429 1495 benivolenn'a
439 1478 455 1494 si
465 1477 492 1495 sic
501 1478 537 1494 cito
548 1478 588 1500 ejus
598 1477 680 1500 expediri
690 1478 784 1501 negotium
795 1481 879 1500 nequeat,
892 1483 933 1495 cum
943 1478 961 1494 in
972 1483 993 1494 eo
1005 1477 1027 1494 de
1038 1477 1093 1500 perti-
