1308 1835
1101 165 1108 175 z

189 190 237 209 1347]
390 198 413 209 ΑΒ
430 197 482 209 Auno
500 197 617 209 ucctxxxvi
631 196 698 212 usque
715 196 739 207 in
755 195 828 207 unum
844 194 916 207 mecm„
1086 193 1118 209 601

189 233 309 251 Silvanectum
326 237 387 256 partes
404 234 443 257 ipse
458 234 579 257 personaliter
593 234 691 251 constitute
707 233 833 251 submiserunt
846 238 866 250 se
881 232 903 250 de
917 239 964 250 novo
979 238 1034 256 super
1049 233 1119 251 debatis

188 266 275 290 predictis
289 267 401 284 ordinationi
414 270 433 283 et
446 267 535 284 amicabili
551 268 680 290 compositioni
693 271 755 284 nostre
770 267 791 284 de
805 267 840 284 alto
854 270 872 284 et
884 266 945 288 basso,
959 266 1118 289 promiseruntque

189 300 235 317 hona
249 300 284 317 fide
297 306 352 323 super
363 300 389 317 eis
400 303 447 317 stare
460 303 523 316 nostre
534 300 651 321 ordinationi,
662 306 696 317 nec
708 300 730 317 ab
743 306 763 317 ea
773 300 902 324 quoquomodo
914 300 1001 317 recedere
1013 303 1044 317 aut
1057 302 1119 316 contra

189 339 227 350 eam
242 333 380 356 quomodolibet
393 333 497 350 reclamare.
508 333 535 349 De
549 339 584 356 qua
597 333 650 350 etiarn
663 339 710 350 nova
721 333 844 350 submissione
858 334 925 357 Symon
935 333 958 350 de
969 334 1027 351 Vares
1040 336 1058 350 et
1070 333 1118 350 idem

189 366 268 383 Jacobus
278 365 377 389 subscripti
387 366 453 383 notarii
463 366 578 383 retinuerunt
588 366 681 389 publicum
690 366 838 383 instrumentum.

233 400 270 416 Nos
283 399 340 422 igitur
349 399 381 422 qui
393 399 494 416 eorundem
506 399 634 423 episcoporum
648 399 726 422 quietem
741 399 759 416 iu
772 399 851 416 caritatis
864 400 967 417 visceribus
980 400 1088 420 zelabamur,
1100 403 1120 416 ut

189 433 208 450 in
218 432 267 455 pacis
278 432 376 449 dulcedine
386 432 479 450 constituti
490 433 606 450 commissum
618 432 653 449 sibi
662 438 672 449 a
682 433 720 449 Deo
731 432 835 455 pontificale
848 432 928 449 officium
938 433 1017 450 sinceris
1028 433 1120 450 mentibus

189 466 265 484 liberius
280 469 399 489 exequantur,
414 472 470 490 super
484 466 561 488 debetis,
576 466 708 484 controversiis
720 469 739 483 et
751 466 849 483 discordiis
863 466 967 489 hujusmodi
981 470 999 483 et
1012 473 1032 484 ea
1045 470 1120 490 tangen-

190 499 238 517 tibus
255 499 383 521 ordinandum,
400 500 557 523 pronunciandum
573 503 592 517 et
607 499 726 517 amicabiliter
743 499 873 522 pacificandum
888 499 910 516 de
926 499 1026 522 peritorum
1043 499 1119 517 consilio

190 533 274 550 duximus
284 533 304 550 in
314 533 362 550 hunc
373 533 451 550 modum.

233 566 293 584 Primo
307 567 355 590 qnod
368 573 409 583 cum
421 566 487 589 aliquis
498 566 516 583 iu
527 566 671 583 conservationis
681 566 741 583 officio
750 570 781 583 aut
790 569 853 583 contra
863 566 909 583 illud
921 572 954 583 seu
963 569 1026 583 contra
1033 566 1120 589 jurisdic-

190 600 257 617 tionem
271 600 408 617 conservatoris
423 600 488 622 quovis
504 599 560 616 modo
577 599 684 622 deliquerit,
699 599 835 623 delinquentem
852 599 958 622 hujusmodi
971 599 992 616 in
1006 599 1078 616 civitate
1091 600 1121 617 vel

190 633 259 650 diocesi
274 633 330 651 Paris.
346 636 438 656 repertum
451 633 505 650 liceat
518 633 592 650 domino
606 633 738 650 Silvanectensi
750 633 837 656 episcopo
848 633 972 650 conservatori
983 633 1119 657 privilegiorum

189 667 317 684 Universitatis
327 667 384 683 Paris.
395 672 428 683 seu
442 667 482 689 ejus
497 667 620 690 vicesgerenti
632 672 697 690 capere
710 672 743 690 per
753 672 773 683 se
785 666 815 683 vel
825 672 876 688 suos,
891 667 916 684 sic
927 670 987 683 tamen
997 666 1046 689 quod
1058 670 1121 690 captus

189 700 300 723 hujusmodi,
312 700 327 717 si
338 700 478 717 incarcerandus
492 700 574 717 videatur
589 700 663 717 domino
677 700 808 717 Silvanectensi
817 700 847 717 vel
856 700 978 723 vicesgerenti
991 705 1031 720 suc,
1043 700 1121 717 inconti-

190 733 240 751 nenti
253 733 276 751 ad
287 739 371 751 carceres
384 734 452 751 domini
467 734 575 751 Parisiensis
588 733 670 757 episcopi
683 733 788 755 adducatur,
800 733 831 756 qui
843 734 882 751 sine
893 733 998 751 difficulate
1007 739 1121 757 quacumque

189 767 224 784 sub
238 767 273 784 fida
287 767 370 784 custodia
386 767 484 790 recipiatur
500 767 574 784 ibidem.
591 767 644 789 Quod
659 767 675 784 si
689 770 754 790 gentes
767 767 811 784 dicti
824 767 934 784 Parisieusis
943 780 954 784 ..
963 767 1046 790 episcopi
1060 767 1121 784 debite

190 801 278 823 requisite
291 800 351 817 facere
365 801 483 823 denegarent,
497 800 550 817 liceat
564 801 613 817 dioto
625 801 749 817 conservatori
758 800 787 818 vel
803 801 843 823 ejus
853 800 975 824 vicesgerenti
990 807 1010 817 ea
1021 800 1061 817 vice
1075 801 1121 817 dun-

190 837 242 855 taxat,
253 834 304 855 alibi,
314 837 374 850 tamen
383 834 403 850 iu
412 833 455 850 villa
466 834 570 854 Parisiensi,
582 839 673 851 carcerem
684 840 788 856 procurare,

234 868 286 888 Item,
296 867 359 884 licebit
369 867 494 884 conservatori
503 866 533 884 vel
543 867 584 890 ejus
593 867 717 890 vieesgerenti
725 867 778 888 tales,
788 870 809 884 ut
818 867 934 890 premittitur,
945 867 1074 890 delinquentes
1082 873 1122 884 cor-

191 901 258 924 rigere,
267 900 333 923 punire
345 900 426 917 Parisius
435 901 486 923 juxta
498 906 531 917 sua
542 900 629 917 demerim
642 904 660 917 et
669 906 702 917 eos
712 900 840 923 questionibus
849 900 934 918 subicere
944 904 963 917 et
971 904 1057 924 torquere
1068 904 1122 923 prout

191 940 254 951 eorum
264 934 371 951 discretioni
381 934 482 951 secundum
493 934 550 951 Deum
561 937 579 951 et
586 934 675 957 justitiam
683 933 776 951 videbitur
784 934 893 956 faciendum,
902 940 936 951 nee
945 940 1001 957 super
1010 934 1044 951 hoc
1055 934 1086 951 fiet
1095 934 1122 951 eis

191 967 340 991 impedimentum
351 973 384 990 per
393 967 513 984 Parisiensem
525 981 535 984 ..
544 967 650 991 episcopum
663 967 693 984 vel
706 971 771 991 gentes
783 967 843 990 ipsius
855 967 994 991 quomodolibet
1003 967 1024 985 in
1034 967 1122 989 futurum,

192 1001 218 1018 sic
227 1004 287 1018 tamen
297 1001 347 1023 quod
356 1001 373 1018 si
382 1001 405 1017 ad
415 1000 491 1018 scalam²
501 1001 569 1018 fuerint
581 1001 715 1024 condempnati,
726 1000 851 1018 executionem
864 1001 969 1024 hujusmodi
982 1001 1011 1018 die
1024 1004 1042 1018 et
1053 1001 1093 1018 loco
1103 1001 1122 1018 in

192 1034 258 1051 talibus
273 1034 367 1051 consuetis
381 1034 447 1051 sacient
461 1037 526 1057 gentes
538 1047 549 1051 ..
560 1034 642 1057 episcopi
657 1034 760 1051 memorati*
771 1034 811 1051 sine
823 1034 967 1051 contradictione
981 1040 1089 1057 quacunque
1100 1034 1122 1051 ad

192 1071 295 1090 requestam
308 1067 443 1085 conservatoris
454 1067 484 1084 vel
497 1068 630 1091 vicesgerentis
642 1068 678 1084 sui.
691 1068 714 1084 Et
722 1067 739 1084 si
748 1071 813 1090 gentes
822 1081 834 1084 Δ,
842 1068 925 1090 episcopi
935 1067 969 1084 hoc
980 1068 1040 1084 facere
1051 1073 1123 1084 reeusa-

192 1104 238 1122 rent,
249 1101 302 1118 liceat
312 1101 437 1118 conservatori
447 1106 479 1118 eos
489 1101 592 1122 inscallare,
602 1101 633 1117 ubi
644 1101 680 1118 sibi
689 1100 782 1118 videbitur
790 1101 893 1118 faciendum
903 1107 923 1118 ea
933 1101 972 1118 vice
983 1101 1073 1118 duntaxat.

236 1135 288 1155 Item,
306 1134 369 1152 licebit
385 1134 509 1151 conservatori
524 1140 557 1151 seu
570 1135 610 1157 ejus
625 1134 749 1157 vieesgerenti
764 1140 855 1151 carcerem
869 1134 888 1151 in
903 1134 952 1151 curia
967 1134 1025 1151 Paris.
1041 1134 1122 1157 episcopi

192 1168 260 1191 eligere
271 1168 343 1190 qualem
354 1168 440 1189 voluerit,
453 1168 493 1185 siue
505 1168 602 1190 dispendio
612 1171 672 1185 tamen
685 1167 793 1185 Parisiensis
805 1168 893 1191 episcopi,
902 1168 953 1191 juxta
965 1168 1068 1191 qualitatem
1082 1173 1123 1190 per-

192 1207 277 1218 sonarum
291 1204 310 1218 et
322 1207 431 1219 excessuum
446 1201 594 1222 commissorum,
607 1201 705 1224 ipsumque
719 1207 810 1218 carcerem
826 1201 913 1222 relaxare,
927 1201 957 1218 vel
973 1201 996 1218 ab
1012 1207 1034 1218 eo
1051 1201 1123 1224 penitus

192 1234 269 1251 liberare
285 1234 324 1252 sine
338 1235 468 1258 impedimento
482 1240 599 1258 quocunque,
616 1235 707 1252 satisfacto
720 1234 814 1258 jaulerio‘,
830 1238 883 1258 prout
897 1238 914 1252 et
931 1241 968 1251 non
984 1234 1036 1252 aliter
1050 1235 1068 1251 in
1083 1234 1123 1252 aliis

192 1268 309 1285 incarceratis
322 1268 428 1286 auctoritate
442 1268 533 1285 ordinaris
543 1272 571 1285 est
580 1268 621 1285 fieri
633 1272 748 1285 consuetum.
763 1268 833 1285 Licebit
845 1269 898 1285 etiam
911 1268 1035 1286 conservatori
1047 1267 1076 1285 vel
1084 1269 1124 1291 ejus

192 1301 315 1325 vicesgerenti
329 1302 411 1324 captivos
425 1302 531 1325 hujusmodi
545 1302 564 1318 in
578 1302 627 1318 curia
636 1315 647 1318 ,.
657 1302 738 1325 episcopi
752 1302 834 1323 visitare,
850 1302 937 1324 ipsosque
951 1307 1011 1318 coram
1026 1307 1046 1318 se
1059 1301 1077 1318 in
1091 1307 1123 1318 sua

193 1335 242 1352 curia
255 1340 308 1351 causa
322 1335 437 1352 examinandi
450 1335 543 1358 negotium
558 1335 587 1352 vel
600 1335 645 1352 alias
656 1341 731 1352 evocare
744 1338 762 1352 et
774 1335 871 1356 adducere,
881 1338 900 1352 et
909 1335 931 1352 ad
941 1340 1024 1352 carceres
1036 1335 1123 1352 reducere

193 1368 240 1386 sicut
253 1368 311 1391 prius.
326 1369 348 1385 Et
360 1368 452 1385 tenebitur
465 1368 559 1391 predictus
569 1367 660 1391 jaulerius
671 1368 793 1386 incarceratos
806 1368 898 1392 predictos
908 1368 1006 1391 diligenter
1016 1371 1034 1385 et
1046 1368 1125 1385 fideliter

193 1402 292 1422 custodire,
309 1402 357 1419 sicut
374 1401 418 1419 alios
436 1402 558 1419 incarceratos
574 1401 618 1418 dicti
635 1401 744 1419 Parisieusis
760 1402 848 1425 episcopi,
867 1402 904 1425 pari
922 1407 968 1425 pena
983 1401 1094 1425 puniendus,
1109 1401 1124 1419 si

194 1435 255 1452 dolum
265 1435 295 1452 vel
305 1435 436 1458 negligentiam
446 1435 568 1452 committeret
576 1435 596 1452 in
605 1435 698 1458 predictis.

239 1469 289 1489 Item,
301 1469 317 1485 si
328 1468 445 1491 contingeret
457 1472 519 1491 captos
530 1474 562 1491 per
573 1471 727 1489 conservatorem,
739 1471 758 1485 ut
768 1468 883 1491 premittitur,
895 1471 913 1485 et
922 1469 1006 1485 detentos
1019 1474 1051 1491 per
1061 1471 1125 1491 gentes

257 1499 271 1508 n
281 1497 328 1510 ohan.
340 1497 379 1510 Untv.
387 1497 436 1510 Paris.
444 1498 460 1512 Π,
471 1499 480 1510 ι.
1049 1498 1064 1509 7⁵
