1308 1835
205 215 255 234 1331]
410 223 433 234 in
449 223 503 234 anuo
520 222 637 234 nccixxxvi
655 222 720 236 usque
737 222 761 233 an
778 221 847 233 aunum
862 221 934 233 πωροι,
1105 219 1138 237 331

205 264 277 275 necnon
290 262 353 275 contra
364 259 487 281 juramentum
503 264 536 281 per
549 264 581 275 eos
595 264 651 281 super
663 259 791 275 observatione
805 258 942 281 privilegiorum
953 263 972 274 ac
985 259 1138 277 consuetudinum

205 291 329 314 predictorum
343 292 440 314 prestitum
451 294 520 308 temere
533 291 551 308 in
561 292 661 308 animarum
671 297 745 308 suarum
757 292 853 314 pernitiem
866 291 961 309 venientes
971 291 1039 308 dictum
1050 292 1139 309 cancella-

205 325 252 341 rium
265 324 284 341 in
297 324 360 341 multis
374 324 456 341 articulis
468 324 617 347 jurisdictionum
632 324 754 347 predictarum
768 330 848 346 suarum„
863 331 898 347 que
911 330 944 348 per
957 324 1004 341 dicta
1015 324 1110 347 privilegia
1120 329 1138 342 et

204 358 348 375 consuetudines
363 358 432 374 diutius
446 357 552 374 observatas
566 357 588 374 ad
602 357 669 374 dictum
685 357 812 374 cancellarium
827 358 919 380 pertinere
934 361 1040 378 noscuntur,
1056 358 1138 380 quamvis

204 391 252 408 idem
270 391 390 408 cancellarius
406 394 424 408 et
441 391 583 413 predecessores
600 390 629 407 sui
646 390 749 407 cancellarii
770 391 851 413 ejusdem
871 391 949 408 ecclesie
966 391 998 414 qui
1014 391 1088 408 suerunt
1105 397 1139 414 pro

204 427 287 447 tempore
301 424 320 441 in
335 424 454 447 possessione
468 423 498 441 vel
512 424 564 446 quasi
579 423 677 440 exercendi
689 424 779 446 premissa
792 424 861 440 fuerint
876 424 956 446 graviter
969 424 1091 445 offenderunt,
1103 424 1139 441 sibi

205 463 260 480 super
277 457 373 481 premissis
389 457 521 474 contumaciter
536 463 572 474 non
591 460 675 480 parentes
691 463 724 474 nec
740 457 842 474 licentiatos
859 463 892 480 per
907 457 967 480 ipsum
983 457 1004 474 ad
1021 458 1106 481 praticam
1121 462 1139 475 et

204 490 303 508 theoricam
316 490 399 514 ejusdem
409 490 484 508 scientie
495 490 618 511 admittentes,
628 494 647 508 et
656 490 675 507 in
685 490 747 507 multis
756 490 797 507 aliis
808 490 826 506 in
836 490 903 513 quibus
913 490 949 507 sibi
959 496 1023 513 parere
1032 497 1065 513 per
1075 491 1139 513 hujus-

205 524 254 541 modi
269 523 365 547 privilegia
379 524 524 541 consuetudines
537 524 647 541 tenebantur
662 524 697 541 sibi
713 530 750 541 non
767 523 836 547 absque
852 523 958 540 incursione
972 527 992 540 et
1005 527 1047 541 nota
1063 524 1139 547 perjurii

205 557 345 580 dampnabiliter
356 557 464 574 resistentes
474 557 493 574 in
502 563 588 580 magnum
597 558 654 574 totius
664 557 720 574 studii
730 557 840 574 Parisiensis
847 556 951 574 scandalum
962 562 983 573 ac
993 557 1047 574 officii
1057 560 1076 574 et
1082 557 1139 579 juris—

205 590 291 607 dictionis
305 591 387 613 ejusdem
402 590 504 607 cancellarii
518 591 663 612 diminutionem,
679 590 799 614 prejudicium
813 593 831 607 et
841 589 920 607 notabile
933 589 1067 607 detrimentum.
1079 590 1140 611 Quare

205 623 265 640 dictus
283 624 403 641 cancellarius
417 624 440 641 ad
454 630 489 641 nos
503 630 559 647 super
575 624 611 641 hiis
626 624 691 641 devote
707 630 804 641 recurrens
819 623 873 640 nobis
887 623 981 640 humiliter
995 623 1104 646 supplicavit
1120 627 1140 640 ut

205 662 261 680 super
275 657 372 680 premissis
385 660 448 674 contra
464 657 522 674 dictos
536 657 634 680 magistros
649 657 729 674 scolares
744 661 762 674 et
776 657 869 680 quoslibet
883 657 930 674 alios
943 657 962 673 in
975 656 1067 674 similibus
1081 656 1140 673 delin-

205 693 283 713 quentes
290 690 366 713 procedi
374 696 407 713 per
414 690 504 707 discretos
516 690 594 713 aliquos,
605 694 624 707 et
633 691 649 707 si
659 691 686 707 eis
696 691 719 707 de
729 691 816 713 predictis
827 693 925 711 constaret,
935 690 1010 707 eosdem
1021 690 1082 713 puniri
1088 690 1139 713 juxta

205 723 310 740 sanctiones
324 723 421 740 canonicas
436 723 564 740 mandaremus
578 724 607 741 vel
622 729 655 746 per
668 724 743 741 eosdem
756 724 846 741 discretos
857 724 917 741 assisti
928 724 1043 745 cancellario=
1054 724 1076 740 ad
1086 729 1139 746 quem

205 757 307 773 secundum
321 756 417 779 privilegia
431 756 536 779 hujusmodi
551 757 644 779 pertinere
654 757 720 774 dicitur
733 757 803 780 punitio
813 757 939 774 excedentium
949 757 1080 780 predictorum⁷
1090 757 1140 779 quod

205 790 245 813 ipse
259 790 318 807 dictos
333 790 443 807 excedentes
458 790 559 807 secundum
572 790 668 812 privilegia
679 793 696 806 et
706 790 849 807 consuetudines
860 790 942 812 ejusdem
953 790 1031 807 ecclesie
1040 790 1139 807 Parisiens

205 823 275 840 diutius
285 823 392 840 observatas
402 827 466 846 posset
475 823 575 846 corrigere,
586 823 651 845 punire
661 826 680 840 et
688 823 833 840 animadvertere
841 823 861 840 in
870 823 953 844 eosdem,
961 827 1002 840 ante
1012 826 1071 840 tamen
1080 823 1139 840 omnia

205 856 295 874 revocatis
312 862 427 879 quecumque
444 862 477 879 per
494 856 553 873 dictos
565 856 663 879 magistros
673 859 736 873 contra
746 856 813 873 dictum
824 856 952 873 cancellarium
964 859 983 873 et
994 856 1096 874 licentiatos
1107 862 1139 873 seu

205 890 320 913 magistratos
332 895 365 913 per
375 895 415 906 eum
425 889 454 906 vel
464 889 606 913 predecessores
617 895 661 906 suos
671 889 789 906 cancellarios
799 889 897 906 Parisiens.
907 889 927 906 in
936 889 1020 906 facultate
1030 889 1110 912 predicta
1120 889 1139 906 in

205 922 288 945 ejusdem
304 922 408 940 cancellarii
418 926 437 940 et
445 922 545 940 eorundem
561 922 708 945 magistratorum
723 928 755 939 seu
771 922 903 939 licentiatorum
921 928 954 945 per
969 928 1002 939 eos
1019 922 1139 945 prejudicium

205 956 299 973 extiterint
308 959 417 979 attemptata.

250 990 277 1006 De
290 992 320 1006 tue
334 989 390 1012 igitur
403 989 572 1012 circumspectionis
585 989 675 1006 industria
684 992 703 1006 et
713 989 807 1012 diligentie
819 989 880 1006 studio
891 989 962 1012 plenam
974 989 994 1005 in
1005 989 1083 1006 Domino
1093 988 1140 1006 fidu-

205 1022 251 1039 ciam
265 1022 377 1043 obtinentes,
391 1022 499 1039 fraternitati
512 1026 542 1039 tue
554 1028 590 1045 ‚per
605 1022 705 1045 apostolica
721 1022 787 1045 scripta
804 1018 910 1039 mandamus
925 1022 1011 1045 quatinus
1025 1023 1093 1039 vocatis
1109 1022 1140 1045 qui

205 1055 274 1072 fuerint
286 1056 374 1072 evocandi
387 1055 410 1072 de
424 1055 520 1078 premissis
534 1056 620 1072 omnihus
630 1059 649 1072 et
658 1055 737 1079 singulis
747 1059 765 1072 et
776 1062 796 1072 ea
809 1055 926 1079 tangentibus
938 1059 956 1073 et
965 1055 1113 1078 dependentibus
1122 1059 1141 1072 et

205 1089 343 1112 emergentibus
353 1089 375 1105 ab
385 1088 454 1106 eisdem
465 1089 572 1111 simpliciter
582 1092 600 1105 et
610 1089 632 1105 de
643 1089 696 1112 plano
710 1089 749 1106 sine
762 1089 838 1112 strepitu
848 1092 867 1106 et
875 1089 933 1112 figura
941 1089 1006 1111 judicii
1019 1089 1140 1112 appellatione

206 1125 275 1139 remota
284 1128 393 1145 cognoscas,
403 1122 472 1139 faciens
481 1122 530 1145 quod
540 1122 645 1139 decreveris
654 1128 687 1144 per
697 1128 792 1139 censuram
803 1122 943 1139 ecclesiasticam
954 1122 1029 1138 firmiter
1040 1122 1139 1138 observari,

206 1155 271 1172 Testes
281 1158 347 1175 autem,
358 1158 390 1172 etc.
407 1155 492 1172 Ceterum
504 1155 546 1177 quia
559 1155 602 1172 dicti
615 1155 697 1178 magistri
710 1158 727 1172 et
740 1155 820 1172 scolares
833 1158 918 1172 asserunt
929 1161 962 1178 per
971 1155 1039 1172 dictum
1052 1155 1140 1172 cancella-

207 1188 253 1205 rium
269 1191 311 1211 post
324 1188 431 1211 hujusmodi
446 1188 579 1211 appellationes
594 1194 658 1205 eorum
674 1191 691 1205 et
703 1188 721 1205 in
740 1194 804 1205 eorum
820 1191 943 1211 contemptum
959 1188 1026 1211 injuste
1046 1188 1103 1205 fuisse
1121 1188 1140 1205 in

207 1227 295 1244 personas
307 1227 370 1238 eorum
383 1222 576 1238 excommunicationis
589 1222 697 1239 sententiam
707 1222 845 1244 promulgatam,
857 1221 953 1244 dictusque
962 1221 1082 1238 cancellarius
1094 1227 1140 1238 non-

207 1254 256 1271 nulla
273 1260 306 1277 per
322 1255 398 1271 eosdem
414 1255 513 1278 magistros
530 1258 548 1272 et
564 1255 645 1272 scolares
659 1255 678 1272 in
692 1261 745 1272 suuni
761 1258 778 1272 et
792 1254 900 1272 cancellarie
914 1260 946 1271 sue
963 1255 1084 1277 prejudicium
1101 1255 1140 1272 fore

207 1288 273 1305 asserit
280 1291 389 1311 attemptata,
399 1288 510 1311 presentium
522 1288 555 1305 tibi
564 1288 671 1306 auctoritate
681 1288 810 1305 committimus
818 1288 867 1311 quod
877 1288 936 1305 dictos
946 1288 1045 1312 magistros
1055 1292 1072 1305 et
1082 1288 1141 1306 scola-

208 1327 243 1342 res„
252 1324 307 1344 prout
315 1324 334 1338 et
343 1324 429 1344 quantum
440 1321 463 1338 de
470 1322 511 1344 jure
522 1321 584 1343 suerit,
592 1321 614 1338 ab
622 1322 809 1338 excommunicatione
816 1322 868 1344 juxta
877 1321 952 1338 formam
963 1321 1041 1339 ecclesie
1049 1321 1139 1343 absolvas,

207 1354 236 1372 vel
246 1354 261 1371 si
274 1358 316 1378 post
327 1354 467 1378 appellationem
480 1355 579 1378 legitimam
593 1354 659 1371 dictam
672 1354 864 1372 excommunicationis
876 1355 984 1372 sententiam
996 1355 1089 1372 inveneris
1099 1360 1141 1372 esse

207 1388 267 1409 latam,
282 1394 320 1405 eam
338 1388 445 1411 pronunties
464 1394 501 1405 non
518 1391 589 1409 tenere,
602 1388 706 1405 revocando
723 1388 776 1405 etiam
795 1394 908 1411 quecumque
926 1388 947 1405 ab
963 1388 1050 1405 alterutra
1063 1388 1141 1411 partium

207 1421 301 1439 inveneris
309 1424 371 1438 contra
378 1421 453 1438 alteram
461 1425 529 1438 temere
537 1424 646 1443 attemptata.
655 1421 719 1437 Datum
725 1421 815 1437 Avinione
823 1427 835 1438 x
841 1421 876 1438 kal.
885 1421 934 1442 Julii,
942 1427 990 1438 anno
998 1421 1141 1444 quintodecimo.

254 1490 286 1506 neg<
294 1489 323 1501 Vnt⁴
332 1489 394 1502 Aveniou.
402 1489 467 1501 loli-nni·
474 1489 513 1504 xxn,
521 1489 548 1501 vol.
555 1489 617 1504 XXXVU‚
624 1489 649 1501 sut-
656 1489 675 1501 52.
685 1495 702 1498 -
710 1488 744 1501 nvid.
753 1489 781 1501 alia
790 1489 807 1501 ad
816 1489 871 1501 eundem
879 1489 957 1505 episcopum
966 1490 981 1501 et.
990 1488 1015 1500 ml>
1024 1488 1069 1500 eudem
1078 1488 1142 1504 temporis
