1308 1835
213 205 260 223 1333]
415 212 439 223 n
456 212 509 224 iuno
525 212 643 224 neci-xxxvi
660 211 726 226 usque
743 210 768 222 An
784 209 854 221 Annum
870 209 941 221 necet.
1110 208 1143 224 435

211 248 246 265 tiva
259 248 375 265 auctoritates
386 248 488 271 Scripture¹
501 254 553 265 sacre
566 252 585 265 et
597 252 701 266 sanctorum
716 248 778 271 plures
792 247 810 264 in
825 247 902 265 diversis
916 246 1032 264 sermonibus
1045 247 1142 269 induxerit,

211 281 254 297 licet
266 281 284 298 in
298 280 336 297 illis
346 281 453 303 frequenter
463 281 529 297 dixerit
541 284 559 297 et
570 284 681 303 protestatus
693 281 754 302 fuerit,
767 281 816 303 quod
826 281 857 297 illa
866 287 903 298 non
914 280 985 298 dicebat
994 286 1027 297 nec
1038 280 1143 298 intendebat

211 314 273 331 dicere
285 313 345 330 animo
359 317 427 336 partem
439 313 517 336 aliquam
530 313 617 336 eligendi,
628 319 661 330 nec
672 314 723 339 circa*
729 314 759 330 illa
769 314 860 331 statuendi
872 320 904 331 seu
916 314 1016 331 diffiniendi
1025 313 1101 336 aliquid,
1115 317 1143 330 set

211 347 270 364 solum
285 350 305 364 ut
318 346 433 363 auditoribus
448 346 522 363 daretur
536 346 622 363 studendi
637 347 684 363 circa
699 347 779 370 predicta
794 347 871 368 occasio,
887 351 906 364 ut
920 348 946 364 sic
959 348 983 364 ad
994 347 1086 365 veritatem
1103 347 1141 370 ejus

211 372 275 403 posset
283 380 355 397 facilius
364 379 463 402 perveniri,
474 379 605 396 nichilominus
615 379 683 396 ibidem
694 380 790 402 proposuit
801 383 820 396 et
829 380 863 397 suit
872 384 892 397 ut
901 381 985 403 sequitur
994 383 1115 404 protestatus:

256 420 264 429 «
276 413 321 430 Cum
332 412 395 429 nullus
404 412 470 429 debeat
479 413 498 429 in
509 412 584 429 dubium
595 418 680 430 revocare
691 413 735 435 quin
745 413 798 429 tuitio
807 416 826 429 et
834 413 953 430 observaneia
963 414 1055 437 Scripture
1066 419 1116 430 sacre
1125 417 1142 430 et

211 446 299 463 catholice
312 445 356 463 fidei
369 446 392 463 ad
405 446 526 463 universalem
541 446 610 464 Christi
622 446 709 463 vicarium
724 445 848 469 principaliter
861 446 950 469 pertineat
963 450 982 463 et
995 446 1086 464 incumbat
1096 452 1142 464 :nos

211 480 242 502 qui
258 485 279 496 ex
297 485 333 502 quo
350 480 393 496 licet
408 480 494 497 immeriti
510 480 579 497 fuimus
594 480 683 503 assumpti
700 479 722 496 ad
739 479 817 496 officium
834 480 952 501 antedictum,
967 480 1015 497 circa
1030 480 1141 497 intellectum

211 513 304 535 Scripture
318 519 370 530 sacre
384 516 525 536 sanctorumque
539 513 634 530 doctorum
649 513 751 536 originalia,
763 513 849 536 precipue
861 513 909 530 beati
923 513 1028 536 Augustini,
1040 513 1142 530 vacavimus

211 552 320 569 operamque
335 546 450 563 adhibuimus
464 546 577 569 diligentem,
593 552 693 569 eorumque
707 547 754 564 dicta
767 546 785 563 in
799 546 915 563 sermonibus
925 552 945 563 ac
955 546 1083 563 collationibus
1097 552 1142 569 quos

210 580 315 602 frequenter
325 580 402 597 fecimus
415 580 493 597 libenter
505 580 621 597 recitavimus
630 583 649 597 et
658 580 794 603 proposuimus,
807 582 862 602 prout
873 579 948 596 materia
957 579 980 596 de
990 585 1024 602 qua
1035 583 1073 596 erat
1082 585 1142 596 sermo

210 613 240 630 vel
249 613 322 630 collatio
337 613 447 636 requirebat,
461 619 480 630 ac
494 613 515 630 ad
530 613 644 636 probandum
657 613 688 630 illa
702 619 737 636 que
746 613 766 630 in
775 613 845 630 eisdem
858 612 974 630 sermonibus
987 615 1005 629 et
1014 612 1142 629 collationibus

211 652 243 669 per
256 652 290 663 nos
305 649 357 663 erant
370 646 463 669 proposita
478 646 571 669 Scripture
586 652 637 663 sacre
652 646 756 664 testimonia
771 650 789 663 et
801 646 917 670 originalium
930 649 1033 663 sauctorum
1047 645 1141 662 doctorum

210 679 289 700 illorum,
305 679 392 702 precipue
406 685 483 701 quorum
498 679 589 702 scripture
604 685 637 702 per
651 683 783 697 sacrosanctam
798 679 893 697 ecclesiam
906 683 950 697 sunt
960 679 1047 700 admisse,
1058 679 1142 696 duximus

210 712 322 732 adducenda,
336 718 372 735 que
384 712 447 735 utique
460 712 562 729 testimonia
575 712 670 730 nonnullis
682 713 736 730 etiam
748 718 800 730 sacre
809 712 901 736 theologie
912 712 1049 736 professoribus
1059 716 1143 729 extranea

210 746 248 763 visa
258 749 301 763 sunt
310 749 364 768 atque
376 751 430 766 nova,
440 745 470 762 illa
481 748 500 762 ut
513 745 605 762 eredimus
617 746 687 762 ratione
697 746 739 769 quia
749 746 768 762 in
777 746 814 763 illis
827 752 864 763 non
875 746 990 767 studuerant,
1000 746 1029 763 vel
1042 746 1083 769 quia
1093 752 1113 763 ea
1123 746 1142 763 in

210 779 296 796 memoria
309 785 346 796 non
361 778 457 796 habebant.
468 779 573 801 Propterea,
587 779 619 795 ne*
633 779 675 801 quis
687 779 762 796 sinistre
774 779 890 802 interpretari
901 779 967 802 possit,
981 785 1016 796 nos
1028 779 1110 796 sensisse
1123 779 1142 796 in

210 811 276 829 talibus
285 811 355 835 aliquid
365 815 396 829 aut
407 812 475 829 sentire
488 811 536 834 quod
550 817 600 829 sacre
611 811 704 834 Scripture
716 811 777 828 obviet
787 815 818 828 aut
827 811 869 829 fidei
880 812 974 833 ortodoxe,
986 812 1063 829 dicimus
1074 815 1092 829 et
1100 818 1142 835 pro-

210 848 297 862 testamur
311 850 405 868 expresse,
420 845 469 868 quod
484 844 571 868 quiequid
584 844 602 861 in
617 844 714 867 questione
724 850 757 861 seu
771 845 844 861 materia
857 844 934 861 visionis
948 845 1048 862 animarum
1061 845 1142 868 predicta

210 884 242 895 seu
253 884 367 901 quacumque
378 878 413 895 alia
427 878 445 895 in
458 878 575 895 sermonibus
585 881 603 894 et
612 877 742 895 collationibus
754 877 822 895 nostris
833 877 918 899 diximus,
928 877 1047 901 allegavimus
1057 883 1090 895 seu
1100 884 1142 901 pro-

210 912 312 934 posuimus,
323 911 410 932 diximus,
421 911 552 934 proposuimus
562 914 580 928 ct
589 911 709 934 allegavimus
721 917 759 928 non
768 910 885 928 intendentes
897 911 965 934 aliquid
980 911 1100 928 determinare
1112 911 1142 928 vel

210 945 295 961 decidere
306 950 340 961 seu
349 945 432 965 credere,
440 945 490 967 quod
499 948 550 961 esset
558 945 624 967 quovis
634 944 688 961 modo
698 944 790 967 Scripture
800 950 850 961 sacre
861 943 934 961 obvium
942 944 971 961 vel
979 944 1089 961 contrarium
1099 944 1141 961 fidei

210 978 304 999 ortodoxe,
320 981 348 995 set
362 978 407 994 illud
421 978 480 995 solum
494 981 556 995 tenere
566 981 585 994 et
593 978 676 998 credere,
690 978 740 1000 quod
752 981 770 994 et
779 978 871 1001 Scripture
885 983 935 995 sacre
948 981 1009 1000 potest
1018 981 1036 994 et
1045 981 1116 1001 poterat
1124 981 1142 994 et

210 1010 298 1028 catholice
311 1011 354 1028 fidei
369 1011 473 1028 convenire,
489 1011 511 1028 Et
526 1011 542 1028 si
555 1011 617 1028 forsan
629 1011 649 1027 in
660 1011 748 1034 predictis
763 1011 879 1028 sermonibus
893 1011 923 1028 vel
938 1010 1067 1028 collationibus
1082 1011 1142 1033 aliqua

210 1050 245 1067 que
254 1044 283 1061 vel
294 1044 387 1067 Scripture
401 1050 453 1061 sacre
462 1044 492 1061 vel
503 1044 591 1061 ortodoxe
603 1044 647 1060 fidei
659 1044 724 1066 quovis
737 1044 791 1061 modo
804 1047 867 1061 essent
875 1044 904 1061 vel
914 1044 1021 1062 viderentur
1033 1044 1092 1065 obvia,
1103 1044 1142 1067 ipsa

210 1081 271 1100 preter
280 1077 400 1094 intentionem
408 1083 417 1093 a
426 1077 479 1094 nobis
489 1077 547 1094 fuisse
557 1077 626 1100 prolata
636 1077 714 1094 dicimus
724 1080 741 1094 et
751 1077 858 1099 asserimus,
866 1083 923 1100 eaque
933 1083 1040 1094 revocamus
1048 1083 1141 1100 expresse,

209 1116 247 1127 non
259 1110 376 1127 intendentes
387 1110 424 1127 illis
434 1110 523 1127 adherere
532 1116 565 1127 nec
576 1116 596 1127 ea
608 1110 627 1127 in
637 1110 718 1133 presenti
729 1110 834 1127 deffendere
843 1116 877 1127 nec
888 1110 941 1127 etiam
952 1110 969 1127 in
980 1111 1066 1127 futurum*
1080 1110 1142 1127 Adici-

212 1149 251 1160 mus
264 1143 341 1166 insuper
354 1143 403 1166 quod
413 1143 429 1160 si
438 1149 471 1166 per
485 1149 616 1166 quamcumque
626 1149 722 1166 personam
738 1143 814 1165 dicetur,
828 1144 846 1160 in
859 1143 919 1166 aliquo
931 1147 981 1160 certo
992 1143 1022 1160 vel
1034 1143 1088 1160 certis
1101 1143 1142 1160 arti-

210 1176 251 1194 culo
265 1176 295 1194 vel
307 1176 390 1194 articulis
404 1182 438 1193 nos
453 1180 516 1194 contra
530 1176 612 1199 predicta
626 1176 702 1198 dixisse,
716 1177 766 1199 quod
779 1177 836 1199 parati
851 1182 914 1193 sumus
928 1177 994 1199 ipsum,
1012 1177 1081 1193 etiamsi
1097 1182 1142 1199 puer

210 1213 259 1227 esset
269 1210 298 1227 vel
308 1210 380 1231 mulier,
396 1210 459 1227 audire
473 1209 560 1233 benigne,
575 1213 592 1226 ct
604 1210 620 1227 si
632 1210 739 1227 ostenderet
750 1216 784 1227 nos
795 1210 825 1227 illa
835 1210 909 1231 dixisse,
921 1210 1015 1227 offerimus
1026 1215 1060 1227 nos
1071 1213 1142 1233 paratos

210 1243 239 1260 illa
250 1243 354 1266 specialiter
369 1246 387 1260 et
399 1249 486 1266 expresse
500 1243 555 1260 modo
568 1243 630 1260 debito
645 1249 738 1261 revocare
752 1243 841 1261 Volumus
856 1249 928 1266 quoque
940 1249 973 1260 vos
986 1243 1040 1264 scire,
1050 1246 1068 1260 et
1079 1243 1142 1260 hocin

209 1276 284 1293 veritate
295 1276 379 1297 dicimus,
391 1271 441 1299 quod
451 1277 466 1293 si
477 1276 495 1293 in
504 1276 601 1299 questione
611 1276 692 1300 predicta
703 1276 725 1294 de
736 1276 806 1294 visione
816 1277 916 1294 animarum
926 1279 1048 1300 separatarum
1057 1282 1067 1293 a
1078 1282 1142 1299 eorpo-

209 1309 260 1326 ribus
275 1309 379 1326 affirmativa
393 1315 426 1332 per
438 1309 550 1332 Scripturam
564 1315 632 1327 sacram
646 1310 676 1327 vel
685 1310 802 1327 auctoritates
814 1314 925 1331 sanctorum,
935 1315 971 1332 que
985 1315 1036 1327 sacre
1051 1310 1143 1332 Scripture

209 1348 246 1359 non
256 1341 337 1363 obvient,
351 1342 410 1359 valeat
420 1342 530 1363 confirmari,
544 1342 597 1360 nobis
612 1343 646 1360 erit
657 1343 750 1366 acceptius
764 1349 816 1365 quam
830 1343 845 1360 si
858 1343 940 1366 negativa
950 1348 992 1366 pars
1001 1342 1095 1366 probetur.
1106 1343 1142 1360 Nec

209 1375 301 1393 credimus
315 1376 366 1398 quod
381 1375 448 1398 aliquis
464 1376 520 1392 hodie
536 1379 605 1393 tantum
620 1376 672 1393 daret
685 1379 772 1399 quantum
788 1382 822 1393 nos
836 1376 925 1393 vellemus
942 1376 1022 1398 dedisse,
1038 1376 1086 1399 quod
1102 1382 1143 1399 pars

209 1409 319 1430 affirmativa,
332 1412 351 1425 ut
361 1409 477 1432 premittitur,
489 1414 522 1431 per
532 1409 643 1432 Scripturam
655 1415 725 1426 sacram
739 1409 767 1426 vel
777 1413 882 1426 sanctorum
892 1409 939 1426 dicta
949 1409 979 1426 illa
990 1415 1041 1426 sacre
1051 1409 1143 1432 Scripture

210 1448 247 1459 non
261 1442 352 1459 obviant-ia
368 1442 482 1465 probaretur,
497 1442 532 1459 etsi
547 1448 585 1459 non
599 1445 650 1459 esset
661 1445 737 1465 propter
748 1442 804 1463 aliud,
817 1446 892 1465 propter
906 1448 934 1459 me
950 1443 1009 1465 ipsum
1022 1446 1143 1465 parentesque

210 1482 268 1497 meos,
282 1476 349 1493 amicos
363 1479 380 1492 et
393 1475 483 1497 dominos,
495 1481 572 1498 quorum
583 1475 642 1492 anime
652 1475 753 1492 secundum
767 1478 836 1498 partem
849 1475 971 1492 affirmativam
984 1478 1092 1498 perventuro
1102 1479 1145 1492 sunt
