1308 1835
197 218 245 236 1331]
398 225 422 236 n
438 225 491 237 anuo
509 225 626 237 ucczxxxw
644 224 709 239 usquc
727 224 752 236 Au
768 223 838 235 ,sunum
855 223 926 235 necet..
1097 221 1131 238 353

196 264 214 278 et
230 264 334 284 rogatorum
352 261 454 284 presencia,
471 261 494 278 ad
511 261 592 284 ipsorum
610 261 700 278 accedens
718 261 828 284 presentiam
845 260 931 284 magister
947 260 1012 277 Petrus
1028 260 1050 277 de
1067 261 1130 284 Capite

196 294 294 317 Stangno',
306 294 394 316 magister
403 293 423 310 in
434 293 530 314 medicina,
542 299 551 310 a
563 300 599 316 quo
609 300 642 317 per
653 294 752 311 discretum
763 294 821 311 virum
832 294 939 317 magistrum
948 293 1049 311 Johannem
1060 294 1103 317 Pipe
1111 294 1131 311 in

196 327 243 344 dicta
255 326 339 344 facultate
354 326 460 350 magistrum
478 330 572 350 regentem
586 332 620 344 suo
636 330 653 344 et
668 327 715 344 dicte
730 326 820 344 facultatis
834 327 908 344 nomine
921 327 997 350 petitum
1010 327 1074 346 extitit,
1087 333 1131 350 qua-

196 363 249 377 tenus
267 360 388 383 responderet
402 359 507 380 veritatem,
521 363 581 376 utrum
599 360 639 383 ipse
655 359 742 383 magister
759 360 824 377 Petrus
840 364 976 383 presentaverat
991 360 1096 378 venerando
1113 363 1132 377 et

196 393 275 410 discreto
289 393 328 410 viro
342 393 416 410 domiuo
428 392 537 410 cancellario
549 392 648 410 Parisiensi
663 393 769 415 magistrum
783 393 879 410 Alfonsum
891 393 914 410 de
927 393 1046 416 Portugalia‘,
1061 393 1131 410 bacala-

196 426 242 443 rium
253 426 271 443 in
283 426 379 447 medicina,
391 432 424 449 pro
434 425 508 443 licentia
519 425 539 442 iu
550 425 598 443 dicta
609 425 694 443 facultate
706 426 796 443 medicine
807 426 907 443 obtinenda
916 433 926 443 a
936 426 1011 443 domino
1022 426 1130 444 cancellario

196 463 302 476 memorato.
313 459 348 482 Qui
359 459 446 482 magister
455 460 520 476 Petrus
530 459 601 477 eisdem
610 458 712 482 respondit„
724 459 773 482 quod
785 458 819 476 hoc
831 463 870 476 erat
880 466 943 477 verum
953 460 1003 483 quod
1012 460 1052 483 ipse
1063 460 1130 477 dictum

197 493 303 516 magistrum
313 492 409 510 Alfonsum
420 496 556 516 presentaverat
566 499 600 516 pro
609 492 682 510 licentia
694 492 712 509 in
724 492 805 515 ipsorum
818 492 901 509 facultate
911 492 994 509 habenda
1005 493 1077 510 domino
1089 499 1131 510 can-

197 526 270 543 cellario
281 529 387 543 memorato.
398 526 443 543 Acta
453 530 496 543 sunt
506 526 539 543 hec
551 526 570 543 in
580 526 635 543 domo
644 526 762 543 habitationis
772 526 816 542 dicti
827 525 909 549 magistri
919 526 1015 548 Reginaldi
1027 526 1049 542 de
1062 526 1131 544 Corne-

197 565 245 576 mare
258 566 311 581 annor!
325 559 432 581 indictione,
444 560 480 581 die,
491 565 553 577 mense
565 563 582 577 et
593 559 699 583 pontificatu
709 559 777 582 quibus
790 565 845 582 supra
855 559 902 576 circa
912 559 975 576 horam
985 559 1045 580 tertie,
1056 565 1131 582 presen-

197 593 246 610 tibus
257 593 278 610 ad
292 593 325 610 hee
336 593 420 616 PhiJippo
430 593 453 610 de
463 594 517 616 Layo,
528 593 577 610 dicte
586 593 676 610 facultatis
687 592 757 610 bidello
767 598 800 610 seu
814 592 912 613 serviente,
923 592 1023 609 Guillelmo
1036 592 1104 609 Burnel
1114 595 1132 609 et

196 626 278 643 Johaune
290 627 312 643 de
324 627 397 647 Hersin„
410 626 487 647 clericis,
500 626 621 649 pluribusque
632 626 673 643 aliis
684 626 762 643 testibus
773 626 795 643 ad
804 626 838 643 hec
848 626 916 643 vocatis
927 629 945 643 et
954 625 1030 649 rogatis.

241 659 312 676 Deinde
326 665 369 676 vero
383 665 436 680 anno,
450 660 556 680 indictione„
571 666 640 680 mense,
653 660 694 678 loco
707 663 726 677 et
738 659 854 682 pontificatus
868 659 935 682 quibus
950 665 1012 682 supra,
1028 658 1057 676 die
1070 662 1131 675 octava

198 693 241 709 dicti
251 692 321 709 mensis
330 693 410 709 Ianuarii
421 692 468 709 cirea
478 692 540 709 horam
551 693 615 715 prime,
627 693 745 716 congregatis
755 693 803 710 dicto
814 693 873 709 locuni
884 696 957 710 tenente
968 692 1032 709 decani
1042 692 1132 709 facultatis

198 726 288 742 medicine
300 731 321 742 ac
331 725 385 742 dictis
397 725 490 748 magistris
500 728 517 742 et
527 725 611 748 pluribus
624 726 665 742 aliis
674 729 709 742 tam
723 726 830 749 regentibus
845 732 897 748 quam
908 732 945 742 non
958 726 1065 748 regentibus
1075 726 1132 748 magi-

198 759 241 775 stris
256 759 274 775 in
289 758 373 775 facultate
389 758 480 775 medicine
492 758 596 781 supradicta
610 764 631 775 ac
644 759 807 781 congregationem
821 759 903 781 ipsorum
920 758 1010 776 facultatis
1027 758 1132 775 tenentibus

197 791 292 814 ipsamque
304 791 408 808 facultatem
421 791 530 808 facientibus
544 797 564 808 ac
577 791 754 814 representantfflus,
768 795 788 808 ut
801 791 891 812 dicebant,
906 792 954 808 idem
968 792 1056 815 magister
1067 792 1132 809 Petrus

196 825 219 842 de
236 825 299 848 Capite
317 825 385 842 Stanno
402 825 421 841 in
437 825 519 847 ipsorum
539 824 668 847 magistrorum
690 824 780 841 facultatis
799 825 857 848 ipsam
877 825 1042 848 representantiurn
1060 825 1132 848 meique

196 858 262 875 notarii
272 858 341 881 publici
352 864 371 875 ac
382 858 454 875 testium
465 857 610 880 subscriptorum
621 857 643 874 ad
653 857 687 874 hec
697 861 801 874 vocatorum
813 861 831 874 et
841 861 945 881 rogatorum
955 858 1058 880 presencia,
1068 858 1132 875 iterato

196 891 270 908 rediens
284 894 301 908 et
315 891 337 908 ab
350 891 415 908 eodem
428 890 516 913 magistro
530 891 583 907 Petro
598 894 633 907 tuin
646 896 679 913 pet·
692 891 759 907 dictum
774 890 834 908 locum
849 894 940 907 tenentem
955 891 1020 907 decani
1034 897 1087 914 quam
1100 897 1133 914 per

197 924 265 941 dictum
279 924 386 947 magistrum
399 924 444 947 Pipe
458 930 492 941 suo
506 927 523 941 et
537 924 584 941 dicte
598 930 661 941 eorum
674 924 764 941 facultatis
778 924 884 941 nominibus
897 924 949 947 plura
959 924 1015 947 petita
1024 924 1104 945 fuerunt,
1115 927 1133 941 et

197 963 245 976 certe
259 960 304 976 facte
318 960 450 983 responsiones
463 965 495 982 per
508 960 586 976 eundem
597 960 703 982 magistrum
716 960 790 976 Petrum
800 960 822 976 ad
833 959 902 976 eadem.
914 960 936 976 Et
945 960 1004 982 primo
1014 960 1090 982 petitum
1099 960 1133 976 fuit

197 993 218 1010 ab
229 993 293 1010 eodem
304 996 364 1010 utrum
374 993 415 1016 ipse
423 993 517 1016 juraverat
526 999 600 1010 servare
609 993 754 1010 consuetudines
764 996 783 1010 et
791 996 857 1010 statuta
869 992 959 1010 facultatis
970 993 1060 1010 medicine
1070 999 1133 1016 supra-

198 1026 251 1043 dicte.
267 1026 302 1048 Qui
316 1026 403 1049 magister
416 1027 480 1043 Petrus
494 1026 590 1049 respondit
602 1026 650 1049 quod
663 1026 690 1043 sic
700 1026 737 1048 illa,
749 1032 784 1049 que
794 1032 831 1043 non
842 1029 884 1043 sunt
893 1030 955 1043 contra
965 1026 1059 1043 libertates
1069 1029 1088 1043 et
1096 1026 1133 1049 pri-

198 1059 265 1082 vilegia
281 1059 385 1076 cancellarii
399 1059 510 1076 Parisiensis
526 1059 610 1076 ecclesie.
629 1060 674 1076 Item
691 1059 791 1082 requisitus
809 1063 868 1076 utrum
883 1060 908 1077 sit
921 1059 1036 1076 consuetudo
1052 1060 1071 1076 in
1086 1060 1132 1076 dicta

198 1092 281 1109 facultate
295 1093 386 1109 medicine
399 1093 449 1115 quod
461 1092 563 1109 bacalarius
576 1092 596 1109 in
608 1092 657 1109 dicta
668 1093 753 1109 facultate
765 1093 887 1110 licentiandus
902 1093 956 1110 debet
968 1093 994 1109 ire
1006 1099 1039 1116 per
1049 1093 1133 1116 sinffllos

198 1126 296 1149 magistros
308 1129 394 1148 regentes
408 1125 489 1142 Parisius
501 1126 519 1142 in
533 1125 617 1142 facultate
630 1125 719 1148 predicta,
729 1129 824 1148 antequam
835 1129 951 1149 presentetur
964 1125 1071 1142 cancellario
1084 1126 1133 1143 Pari-

198 1159 262 1180 siensi,
272 1162 291 1175 et
299 1162 362 1182 petere
376 1158 398 1176 ab
411 1158 479 1175 eisdem
490 1159 541 1181 quod
549 1159 585 1181 ipsi
596 1158 670 1175 audiant
680 1159 702 1175 de
712 1164 748 1175 una
760 1159 857 1181 questione
871 1159 961 1181 solempni
968 1164 971 1175 :
978 1159 1074 1182 respondit
1083 1159 1132 1181 quod

198 1192 311 1209 consuetudo
322 1195 361 1209 erat
370 1192 412 1209 talis
420 1192 440 1209 iu
450 1198 513 1209 eorum
523 1192 607 1209 facultate
618 1192 727 1215 supradicta.
742 1192 787 1209 Item
800 1192 900 1215 inquisitus
912 1195 972 1209 utrum
985 1192 1099 1209 consuetudo
1109 1192 1133 1209 sit

197 1225 238 1243 talis
248 1226 267 1242 in
277 1226 325 1243 dicta
334 1225 419 1243 facultate
433 1225 482 1248 quod
495 1225 573 1248 quilibet
585 1225 687 1242 bacalarius
700 1225 719 1242 in
731 1225 778 1242 dicta
788 1225 872 1242 facultate
884 1225 1006 1242 licentiandus
1018 1225 1072 1242 debet
1082 1225 1132 1242 audi-

198 1259 246 1276 visse
257 1264 290 1282 pei·
300 1258 431 1282 quinquaginta
445 1264 477 1276 sex
489 1264 564 1276 menses
576 1258 595 1275 in
605 1258 653 1276 dicta
665 1258 757 1280 facultate,
767 1258 784 1275 si
796 1259 821 1275 sit
830 1259 918 1282 magister
928 1258 946 1275 in
956 1258 1032 1280 artibus,
1043 1262 1062 1275 et
1070 1259 1086 1275 si
1096 1264 1132 1275 non

199 1292 223 1309 sit
236 1292 323 1315 magister
337 1292 356 1309 in
369 1291 445 1313 artibus,
458 1298 491 1315 per
505 1292 598 1315 sexaginta
611 1297 692 1313 menses,
704 1295 800 1315 antequam
817 1291 922 1309 licentietur
938 1292 960 1309 ad
975 1292 1100 1315 magisterium
1114 1292 1132 1308 in

198 1325 261 1342 eadem
270 1325 469 1348 facultatezrespondit
481 1325 530 1348 quod
542 1326 562 1342 in
572 1325 618 1342 dicta
630 1325 714 1342 facultate
725 1331 788 1342 eorum
801 1325 842 1342 talis
852 1329 880 1342 est
890 1329 908 1342 et
917 1329 955 1342 erat
965 1325 1087 1347 consuetudo,
1097 1325 1133 1342 nisi

198 1358 242 1375 alias
253 1364 286 1381 per
295 1358 360 1375 dictam
373 1358 476 1375 facultatem
489 1364 530 1375 cum
543 1358 592 1375 dicto
602 1358 692 1375 bacalario
702 1362 753 1375 esset
762 1358 894 1381 dispensatum.
908 1359 952 1375 Item
963 1358 1063 1381 requisitus
1072 1362 1132 1375 utrum

199 1391 299 1408 bacalarius
310 1392 432 1408 licentiandus
443 1395 525 1409 teneatur
532 1392 595 1414 jurare
604 1392 624 1408 in
633 1392 729 1414 presencia
738 1392 828 1408 facultatis
839 1392 861 1408 de
872 1392 1005 1409 consuetudine
1015 1392 1073 1415 ipsius
1084 1395 1133 1409 ante-

199 1431 253 1447 quam
268 1428 385 1447 presentetur
401 1424 510 1442 cancellario
526 1425 633 1444 Parisiensi,
648 1425 697 1447 quod
712 1425 752 1447 ipse
764 1424 866 1442 bacalarius
881 1425 938 1447 eliget
953 1431 1009 1441 unum
1027 1425 1132 1448 magistrum

200 1458 218 1474 in
231 1458 321 1474 medicina
331 1458 372 1474 sine
382 1457 445 1474 fraude
458 1461 476 1474 et
488 1458 602 1480 deceptione,
616 1457 651 1474 sub
664 1463 700 1480 quo
714 1457 838 1474 licentiabitur
850 1458 869 1474 in
879 1457 927 1474 dicta
936 1457 1020 1474 facultate
1031 1458 1132 1474 medicine:

200 1491 296 1513 respondit
305 1491 355 1514 quod
365 1491 406 1508 talis
420 1494 457 1508 erat
467 1491 581 1507 consuetudo
593 1494 610 1507 et
620 1490 669 1513 quod
682 1490 760 1513 ipsemet
769 1490 804 1507 hoc
812 1491 880 1513 juravit
890 1493 985 1513 antequam
999 1494 1134 1513 presentaretur

262 1521 277 1530 α*
286 1520 333 1533 eham.
345 1520 385 1533 Unio.
394 1520 442 1532 Paris.
450 1520 467 1534 u,
476 1520 487 1531 ι.
1057 1520 1072 1531 4⁵
