1308 1835
157 226 191 243 420
377 223 379 225 ’
449 232 607 244 οΒΛιιΤυιΛΜυΜ
623 232 716 246 umvsns.
735 232 798 243 rmus⁴
1041 227 1091 246 [1333

158 269 182 286 sit
196 269 258 286 dicere
272 269 322 291 quod
336 274 373 285 non
387 272 415 285 est
428 269 464 285 nisi
479 269 547 292 duplex
560 269 664 291 paradisus,
679 268 750 285 scilicet
764 269 864 291 corporalis
879 269 937 286 celum
952 270 1059 292 empireum,
1074 274 1092 288 et

158 302 266 325 spiritualis,
278 301 350 318 scilicet
362 301 413 318 beata
423 298 495 323 visits»,
510 302 594 318 dixerunt
608 307 672 318 omnes
688 301 765 324 predicti
779 302 861 324 magistri
876 305 894 318 et
908 305 1015 324 reputarunt
1031 303 1090 325 ipsum

157 334 253 352 articulum
264 340 368 351 erroneum.

202 368 231 384 Ad
240 371 324 391 quartum
337 368 432 385 articulum
447 368 478 390 qui
489 368 529 385 talis
540 371 580 385 est:
589 376 597 384 «
607 369 671 386 Utrum
685 368 794 386 catholicum
806 374 829 385 an
840 368 940 385 hereticum
952 368 982 385 vel
994 373 1090 386 erroneum

158 401 182 418 sit
192 401 254 418 dicere
268 401 318 424 quod
332 401 392 418 anima
406 404 488 424 separata
498 408 507 419 a
518 407 594 425 corpore
605 408 642 419 non
655 401 721 419 haheat
734 401 797 419 oculos
810 401 916 425 corporales
926 405 945 419 ut
954 401 1015 418 videat
1027 407 1092 423 corpo-

158 434 202 451 ralia
211 437 230 451 et
241 435 260 451 in
270 434 297 451 eis
307 434 415 456 delectetur,
428 438 447 452 et
459 441 491 458 per
500 435 607 457 hujusmodi
618 435 686 452 dictum
700 435 776 458 probare
788 435 835 458 quod
846 435 904 452 anima
916 441 953 452 non
962 435 1063 452 delectatur
1073 434 1092 452 in

158 468 230 485 visione
244 468 362 485 humanitatis
375 468 469 489 Christi»,
483 468 526 485 dicti
541 468 610 485 domini
623 468 706 491 magistri
716 468 832 485 concorditer
842 469 975 491 respondentes
985 472 1093 491 reputarunt

158 501 218 524 ipsum
234 507 337 518 erroneum.
353 502 417 518 Dictus
431 505 491 518 autem
506 501 591 518 dominus
606 500 755 524 archiepiscopus
769 501 922 524 Rothomagensis
939 505 957 518 et
974 502 1029 518 frater
1048 502 1092 518 Ber-

158 534 226 551 nardus
240 534 316 552 Oliverii
332 535 423 555 dixerunt,
437 534 487 557 quod
500 534 516 551 si
529 533 613 551 excludat
627 534 766 551 delectationem
781 534 921 551 intellectualem
931 537 960 551 est
970 540 1065 555 erroneus.
1076 535 1092 552 si

158 567 271 589 sensitivam7
284 574 328 588 non,
341 571 369 584 set
383 571 411 584 est
424 567 492 584 dictum
507 567 633 584 ridiculosum,
646 568 669 584 Et
680 573 720 584 cum
731 570 824 590 peteretur
836 567 904 584 ibidem
915 567 936 584 ab
949 567 989 584 aliis
1000 568 1092 590 magistris

158 606 191 623 per
208 601 275 618 dictum
292 601 387 618 dominum
404 600 511 623 episcopum
530 600 660 621 Tusculanum,
678 604 739 618 utrum
758 601 845 617 articulus
861 600 895 617 iste
913 600 1020 623 simpliciter
1037 604 1092 623 neget

158 640 230 650 omnem
244 634 383 650 delectationem
393 633 412 650 in
423 633 569 657 corporabilibus
582 633 724 651 intellectualem
735 637 753 650 et
762 634 866 650 sensitivam
878 633 899 650 ab
912 633 970 650 anima
983 637 1065 656 separata
1075 637 1093 651 st

158 667 178 683 in
187 667 298 684 humanitate
310 666 386 687 Christi,
400 672 464 684 omnes
479 667 564 684 dixerunt
579 667 659 689 exceptis
673 667 760 690 predictis
773 667 853 684 dominis
862 667 1000 690 archiepiscopo
1011 670 1029 683 et.
1037 667 1092 684 fratre

158 700 259 721 Bernardo,
268 700 318 722 quod
329 700 388 717 dictus
398 700 486 717 articulus
496 700 604 723 simpliciter
613 699 692 723 negabat
702 700 831 717 delectationes
841 700 961 723 supradictas,
972 706 1009 717 non
1019 700 1092 717 obstan-

158 732 208 750 tibus
222 733 364 756 allegationibus
378 733 397 750 in
412 733 522 750 contrarium
536 733 595 754 saetis,
611 736 628 750 et
642 733 684 750 ideo
699 733 767 750 dictum
781 733 876 750 articulum
893 736 913 750 ut
927 733 978 756 prius
995 739 1092 750 erroneum

159 769 271 789 reputarunt.

203 799 231 816 Ad
243 799 324 822 quintum
339 799 433 816 articulum
449 799 480 822 qui
493 799 534 817 talis
548 803 586 817 est:
594 807 602 815 «
611 800 676 817 Utrum
689 799 797 817 catholicum
810 805 832 816 an
846 799 946 817 hereticum
955 799 985 817 vel
995 805 1091 816 erroneum

158 833 182 849 sit
191 832 252 849 di'cere
263 832 311 855 quod
322 839 360 850 non
372 836 423 850 esset
434 832 500 850 melius
510 833 568 850 anime
579 832 657 856 apostoli
668 832 747 850 resolute
758 839 768 850 a
776 838 830 852 carne
841 839 883 850 esse
895 833 975 850 resoluta
985 839 994 850 a
1004 838 1064 853 carne,
1075 836 1094 850 et

158 871 200 883 esse
216 871 257 883 cum
274 865 348 883 Christo
363 866 382 883 in
397 866 488 889 paradiso,
503 872 555 889 quam
571 872 613 883 esse
627 866 646 883 in
661 872 722 887 carne,
737 866 797 889 posito
811 866 861 889 quod
875 872 912 883 non
925 866 996 883 videret
1013 866 1092 883 divinam

158 899 256 925 essentiam
271 899 319 916 clare
328 906 344 920 »,
360 905 424 916 omnes
438 899 487 925 dicti¹
498 900 581 923 magistri
599 900 734 922 responderunt
749 905 791 916 esse
806 905 909 916 erroneum.
926 900 1016 916 Dominus
1033 903 1092 916 autem

157 932 308 955 archiepiscopus
321 933 475 955 Rothomagensis
489 933 534 949 dixit
545 933 600 954 idem,
612 933 627 949 si
640 936 689 950 esset
701 932 727 949 ibi
739 932 821 949 exclusio
830 933 907 950 visionis
918 936 936 949 et
944 933 1037 949 fruitionis
1047 932 1093 949 divi-

158 966 220 982 nitatis
230 969 305 987 tantuin,
316 966 403 983 omnibus
413 966 454 983 aliis
464 966 589 987 manentibus;
601 969 619 982 et
629 966 690 983 dicere
701 965 748 989 quod
762 969 811 983 esset
821 966 895 982 multum
909 966 990 983 deterius
1001 971 1042 982 esse
1051 972 1092 982 cum

158 998 232 1016 Christo
242 999 277 1015 isto
287 999 343 1016 modo
354 1005 407 1022 quam
417 1005 524 1022 permanere
534 999 553 1015 in
562 1005 623 1020 carne,
632 1002 650 1016 et
659 999 709 1022 quod
718 1002 768 1016 esset
777 999 875 1022 dampnum
886 999 943 1022 magis
953 1005 1006 1022 quam
1013 999 1092 1020 lucrum,

159 1032 222 1049 dicunt
232 1038 296 1049 omnes
306 1032 402 1049 articulum
413 1032 467 1049 istum
478 1032 536 1055 magis
546 1038 649 1049 erroneum*

203 1065 233 1082 Ad
241 1068 310 1083 sextum
321 1065 418 1082 articulum
428 1065 459 1088 qui
467 1065 509 1082 talis
519 1069 558 1082 est:
569 1073 577 1082 n
588 1066 652 1082 Utrum
663 1065 771 1082 catholicum
781 1071 804 1082 an
814 1065 914 1082 hereticum
923 1066 952 1083 vel
962 1070 1059 1082 erroneum
1070 1065 1094 1082 sit

159 1099 220 1115 dicere
231 1099 281 1121 quod
291 1099 370 1122 apostoli
382 1099 466 1116 videntes
476 1099 605 1116 humanitatem
615 1099 683 1116 Christi
697 1099 750 1116 oculo
760 1099 856 1122 corporali¹
866 1098 954 1116 haberent
966 1102 1035 1116 tanturn
1046 1099 1093 1115 noti·-

159 1132 204 1149 ciam
217 1132 262 1149 fidei
275 1132 293 1149 in
306 1132 400 1149 intellectu
415 1132 437 1148 de
451 1132 489 1155 ipsa
503 1132 613 1149 humanitate
623 1132 691 1149 Christi
701 1139 715 1153 »,
728 1132 812 1149 dixerunt
822 1138 886 1149 omnes
897 1132 980 1155 magistri
990 1135 1009 1149 et
1017 1138 1093 1149 concor-

159 1165 207 1182 diter
216 1168 324 1188 reputarunt
333 1171 436 1182 erroneum.

204 1198 233 1215 Ad
241 1198 336 1221 septimum
346 1198 442 1215 articulum
453 1198 484 1221 qui
494 1198 535 1215 talis
546 1201 585 1215 est:
597 1205 606 1214 «A
618 1199 682 1215 Utrum
692 1198 800 1215 catholicum
810 1204 833 1214 an
842 1198 943 1215 hereticum
955 1198 984 1215 vel
996 1204 1093 1215 erroneum

160 1232 184 1248 sit
198 1231 259 1248 dicere
274 1231 324 1254 quod
337 1231 426 1248 habitatio
444 1231 525 1252 celestis,
544 1231 663 1254 corporaliter
682 1234 754 1254 accepta
774 1231 840 1252 solum,
861 1231 918 1248 nichil
936 1231 1019 1254 proficiat
1035 1231 1094 1248 anime

160 1267 267 1287 separate»,
278 1270 342 1281 omnes
356 1264 434 1287 predicti
447 1264 529 1287 magisui
543 1264 628 1281 dixerunt
640 1270 681 1281 esse
695 1270 792 1281 erroneum
805 1264 918 1287 simpliciter.
932 1265 1022 1281 Dominus
1034 1267 1093 1281 autem

160 1297 313 1319 Rothomagensis
325 1297 475 1320 archiepiscopus
489 1297 534 1313 dixit
544 1297 593 1319 quod
606 1297 628 1313 de
641 1297 708 1314 virtute
717 1297 808 1314 sermonis
821 1300 849 1314 est
860 1303 956 1319 erroneus,
966 1301 994 1314 set
1007 1297 1029 1314 de
1039 1297 1094 1314 modo

160 1330 254 1353 loquendi,
266 1330 281 1347 si
296 1330 387 1347 «nichil»
398 1330 497 1353 accipiatur
511 1336 544 1353 pro
557 1337 565 1346 α
575 1336 637 1353 parum
646 1336 663 1351 ν»,
677 1333 697 1347 ut
710 1330 764 1347 etiam
778 1330 888 1353 quandoque
903 1330 922 1347 in
937 1336 987 1348 sacra
1005 1330 1094 1353 scriptura

160 1363 254 1387 accipitur,
266 1363 311 1381 dixit
321 1366 364 1381 tunc
375 1363 430 1380 istum
440 1363 536 1381 articulum
547 1369 584 1381 nou
593 1369 698 1381 erroneum.

205 1397 234 1414 Ad
246 1400 326 1414 octavum
340 1397 436 1414 articulum
451 1397 482 1420 qui
496 1397 536 1414 talis
549 1401 589 1414 est:
599 1405 607 1413 «
616 1398 681 1414 Utrum
695 1398 802 1415 catholicum
815 1404 838 1415 an
847 1398 947 1415 hereticum
956 1398 987 1415 vel
996 1404 1094 1415 erroneum

161 1431 185 1447 sit
194 1430 255 1447 dicere
266 1430 315 1453 quod
325 1430 384 1447 anima
395 1434 477 1453 separata
487 1437 524 1448 nou
533 1431 634 1448 delectatur
642 1431 661 1447 in
671 1431 722 1454 puris
732 1431 864 1454 corporalibus,
873 1437 895 1448 eo
903 1431 952 1454 quod
960 1434 989 1448 est
995 1431 1093 1454 spiritus»,

160 1463 297 1491 responderunt
306 1467 324 1481 et
334 1464 420 1481 dixerunt
429 1470 493 1481 omnes
505 1464 588 1487 magistri
601 1470 705 1485 erroneum,
715 1468 734 1481 et
743 1464 829 1481 dominus
838 1464 987 1487 archiepiscopus
997 1464 1095 1481 Rothoma-

160 1497 224 1520 gensis
235 1497 294 1520 ipsum
305 1497 359 1514 etiam
369 1501 441 1521 reputat
451 1503 547 1515 erroneum
558 1497 581 1514 de
590 1497 711 1514 delectatione
721 1497 845 1514 intellectuali.
