1308 1835
153 224 186 242 358
443 230 603 242 cnaei-utimum
621 230 716 241 uutvnas.
736 230 801 242 murs.
1039 227 1088 245 [1331

153 270 172 284 et
187 268 288 290 presenmri
303 268 352 284 dieto
366 267 482 288 cancellario,
497 270 514 284 et
529 267 645 290 postmodum
660 258 834 290 ipse'cancellarius
851 267 907 284 debet
922 274 986 285 vocare
1005 269 1090 292 singulos

153 301 251 324 magistros
262 300 309 317 dicte
319 300 410 317 facultatis
420 306 452 323 per
461 300 550 317 bidellum
561 300 619 323 ipsius
629 300 719 317 facultatis
726 300 814 323 juratum,
824 303 843 317 et
849 301 947 323 cujuslibet
955 301 1088 324 depositionem

153 334 217 350 audire
232 339 288 356 super
301 333 385 354 acientia,
399 333 435 350 vita
449 337 467 350 et
480 333 564 350 moribus
577 333 730 350 licentiandorum
745 333 876 356 predictorum,
888 337 907 350 et
919 334 945 351 sic
960 340 993 357 per
1007 335 1089 357 ipsorum

154 367 288 389 depositionem
298 366 366 390 dignos
377 367 397 383 ad
408 367 500 383 licentiam
510 367 591 384 admittet
601 370 619 384 et
627 367 703 390 repellet
713 367 809 390 indignos3
918 391 921 392 γ

200 407 207 416 u
217 400 268 421 Item,
277 400 299 422 (3)
308 403 326 416 et
333 403 395 417 contra
404 400 455 417 aliam
467 400 619 417 cousuetudinem
630 400 701 417 notorie
712 404 730 417 et
739 400 820 423 legitime
828 400 944 423 approbatam
956 400 1065 417 laudabilem
1073 404 1090 417 et

154 433 279 456 prescriptam,
291 433 378 450 videlieet
387 433 436 456 quod
447 433 469 450 de
479 433 553 450 biennio
564 434 582 450 in
593 433 687 450 biennium
695 434 781 450 duntaxat
790 434 829 457 ipse
840 433 959 450 cancellarius
969 433 1025 450 debet
1033 433 1091 450 licen-

154 466 200 493 tiare
208 466 228 483 in
237 466 278 484 loco
289 466 380 490 solempni
390 466 490 484 bacalarios
500 467 518 484 in
530 467 628 490 theologia,
638 467 718 484 decretis
728 471 746 484 et
755 467 853 488 medicinaq

200 507 207 515 a
219 500 271 521 Item,
279 500 300 523 (4)
311 503 328 517 et
338 504 401 517 eontra
411 500 462 524 plura
473 500 507 517 alia
518 500 613 523 privilegia
621 504 657 517 tam
666 500 721 517 nobis
728 506 781 523 quam
790 500 908 517 Universitati
917 501 969 517 matri
976 504 1039 517 nostre
1047 506 1091 517 con-

154 539 213 554 cessa,
223 537 240 550 et
250 537 312 551 contra
322 534 366 551 alias
377 535 436 557 justas
446 534 537 557 legitimas
547 537 565 550 et
574 533 656 550 notorias
665 533 810 550 consuetudines
819 536 838 550 et
848 537 912 550 statuta
923 537 985 550 nostre
994 534 1090 554 facultatis,

156 566 255 589 pluresque
268 567 366 590 magistros
382 567 429 583 dicte
444 570 507 583 nostre
520 566 610 583 facultatis
626 566 687 583 vocari
702 566 766 583 fecerit
781 570 798 583 et
813 566 881 583 eisdem
897 572 930 589 per
941 567 1043 589 juramenta
1059 572 1090 583 sua

155 599 235 622 injunxit
244 600 293 622 quod
303 600 417 622 deponerent
428 605 484 622 super
494 599 576 620 seientia,
587 599 623 616 vita
637 603 656 616 et
664 599 747 616 moribus
757 599 801 616 dicti
814 599 897 622 mag-istri
907 599 986 620 Alsons't,
999 599 1041 616 licet
1054 605 1090 616 non

155 636 205 650 esset
215 639 248 650 nec
262 633 286 650 sit
295 639 354 650 annus
369 638 405 655 quo
420 632 488 649 debent
503 632 541 649 dari
554 632 628 649 licentie
641 632 661 649 in
672 632 769 653 medicina,
783 633 815 649 sed
826 632 845 649 in
859 638 907 649 anno
921 633 989 653 futuro,
1003 637 1036 649 nec
1051 633 1091 656 ipse

156 666 249 689 predictus
258 666 346 683 Alfonsus
356 665 414 683 dictas
423 665 568 683 consuetudines
578 669 596 682 et
605 669 676 687 statuta,
688 669 742 689 prout
752 669 781 683 est
789 665 828 682 fieri
839 669 954 687 consuetum,
966 666 1044 683 servavit
1058 672 1091 683 nec

156 699 207 716 etiam
217 698 328 722 adimplevit„
336 699 381 716 Fcet
387 699 437 721 ipsas
445 702 514 719 tenere,
523 705 596 716 servare
604 702 622 716 et
629 699 728 722 adimplere
736 704 769 722 per
776 699 835 722 ipsius
841 699 964 722 juramentum
972 699 1092 722 corporaliter

156 732 259 755 prestitum,
268 732 299 749 diu
308 735 343 753 est„
351 732 463 755 promiserit,
474 732 506 749 sed
513 735 576 751 contra
584 732 633 755 ipsas
643 732 786 749 consuetudines
797 735 815 749 et
821 735 886 749 statuta
895 732 955 749 sciens
963 732 1035 749 notorie
1042 732 1093 749 venit

156 769 174 782 et
188 766 299 788 attemptavit
312 769 381 782 temere
393 766 493 788 perjurium
511 765 622 782 incurrendo
638 767 665 786 [se
678 765 793 788 procurando
809 771 841 782 seu
855 765 949 788 procurari
968 765 1052 782 faciendo
1069 765 1092 782 ad

157 799 222 815 dictam
232 798 323 815 licentiam
334 798 452 815 obtinendam
463 799 511 815 dicto
521 798 630 816 cancellario
640 798 742 821 presentari
747 799 764 819 ¹],
774 802 884 821 quapropter
896 805 929 822 per
936 799 1002 816 dictam
1011 802 1092 816 nostram

156 832 259 850 facultatem
273 832 359 855 perjurus
374 835 391 849 et
405 832 477 849 infamis
491 832 556 849 merito
572 835 672 855 reputatus,
686 838 719 855 pro
733 832 763 849 tali
778 832 870 855 deponere
886 838 922 849 non
940 832 1032 849 debebant
1043 832 1093 849 salva

157 865 268 882 conscientia
278 871 338 888 neque
348 868 436 888 possunt;

201 906 209 915 «ε
222 899 261 921 Que
275 899 335 916 omnia
351 902 368 916 et
378 899 450 922 singula
460 899 550 922 premissa
560 899 603 916 licet
612 899 683 916 notoria
693 905 726 922 per
737 898 860 916 venerabilem
875 899 980 922 magistrum
992 899 1092 916 Johannem

157 932 200 955 Pipe
210 936 229 949 et
237 932 299 955 plures
310 932 356 949 alios
367 932 415 949 dicte
423 932 514 949 facultatis
527 936 590 949 nostre
602 924 699 955 magistros
713 932 734 949 ad
748 932 783 949 hoc
794 933 890 955 deputatos
904 938 936 955 per
948 936 1029 949 nostram
1036 932 1093 949 facul-

157 969 217 986 tatem,
234 965 283 982 dicto
300 966 375 982 domino
392 965 501 982 cancellario
515 965 614 982 Parisiensi
630 966 683 982 etiam
697 966 721 982 ad
734 965 821 982 cautelam
838 965 916 982 intimari
931 966 1014 986 fecimus,
1033 965 1092 982 eidem

157 998 250 1016 humiliter
260 999 381 1021 supplicando
390 1002 480 1021 quatenus
490 1002 553 1015 contra
564 999 707 1015 consuetudines
717 999 808 1022 predictas
820 1002 856 1015 tam
870 998 970 1015 laudabiles
984 1002 1002 1015 et
1015 999 1093 1016 rationa-

157 1032 203 1049 biles
214 1035 232 1049 et
241 1035 307 1049 statuta
320 1038 356 1049 non
369 1031 424 1049 vellet
435 1035 541 1054 attemptare
551 1032 627 1054 aliquid,
640 1032 673 1048 sed
684 1032 732 1055 ipsas
743 1032 848 1053 defendere,
862 1032 931 1049 servari
942 1035 961 1048 et
970 1032 1018 1049 tueri
1028 1032 1092 1055 digna-

157 1068 207 1082 retur
219 1068 272 1088 prout
283 1065 304 1082 ad
315 1065 350 1082 hoc
359 1065 463 1086 tenebatur3
475 1065 506 1088 qui
515 1065 575 1082 dictus
586 1064 705 1085 cancellarius
716 1065 775 1082 eidem
785 1065 880 1088 respondit
890 1065 939 1088 quod
946 1071 995 1082 anno
1004 1065 1092 1088 preterito

158 1098 180 1115 oh
191 1099 314 1115 reverenciam
324 1098 366 1121 (imo
381 1098 444 1121 potius
455 1098 546 1115 infamiam
561 1102 578 1115 et
593 1098 742 1121 destructionem)
756 1098 804 1115 dicte
818 1098 907 1115 facultatis
922 1102 992 1121 septem
1004 1098 1092 1121 indignos

157 1131 257 1149 baealarios
266 1132 286 1148 in
295 1132 380 1149 facultate
392 1132 482 1149 medicine
492 1131 632 1152 licentiaverat‘,
643 1135 661 1148 et
671 1132 738 1149 dictum
749 1131 855 1155 magistrum
866 1131 979 1154 Alphonsurn
991 1131 1093 1148 licentiaret

157 1168 174 1181 et
184 1165 327 1182 consuetudines
338 1168 411 1182 nostras
421 1165 512 1188 predictas
522 1165 615 1188 frangeret
624 1168 641 1182 et
651 1165 761 1186 annullaret3

202 1206 210 1214 (t
222 1199 259 1216 Nos
270 1204 315 1215 vero
327 1199 442 1216 attendentes
452 1198 556 1221 gravamina
566 1197 646 1221 predicta
659 1204 692 1221 per
705 1198 763 1221 ipsum
777 1198 904 1215 cancellarium
917 1198 971 1215 nobis
984 1201 1002 1214 et
1013 1198 1091 1215 facultati

157 1235 219 1248 nostre
230 1231 311 1254 predicte
321 1231 370 1249 illata
381 1235 399 1248 et
409 1231 461 1249 etiam
473 1232 586 1253 comminata„
599 1231 696 1254 presertim
707 1237 748 1248 eum
760 1231 825 1248 dietam
839 1231 929 1248 licentiam
941 1231 1024 1254 indignis
1035 1231 1092 1248 confi-

157 1268 215 1281 teatur
225 1270 245 1281 se
258 1264 332 1281 dedisse
343 1265 365 1281 de
375 1265 428 1286 facto,
440 1265 458 1281 in
469 1270 553 1288 magnum
564 1264 664 1287 reipublice
675 1267 811 1285 nocumentum,
821 1267 840 1281 et
849 1264 868 1280 iu
878 1264 937 1281 anime
947 1270 979 1282 sue
991 1264 1091 1287 periculum

157 1303 177 1314 ac
193 1297 297 1314 scandalum
313 1301 376 1314 nostre
393 1297 483 1314 facultatis
500 1303 533 1314 seu
546 1297 675 1321 prejudicium,
690 1303 724 1314 nec
738 1300 798 1320 potest
811 1297 905 1315 informari
922 1303 981 1321 neque
998 1297 1053 1315 debet
1069 1297 1092 1314 de

159 1331 234 1348 scientia
244 1330 287 1347 dicti
296 1330 388 1354 Alphonsi
397 1330 434 1347 nisi
444 1336 477 1354 per
485 1330 584 1354 magistros
596 1328 660 1348 nostre
674 1330 762 1348 facultatis
777 1331 808 1354 qui
821 1331 914 1354 deponere
929 1337 961 1354 pro
975 1331 1040 1348 eodem
1056 1337 1092 1348 non

159 1367 236 1388 possunt
246 1370 278 1381 nec
289 1367 381 1385 tenentur,
390 1367 428 1381 tum
440 1369 461 1381 ex
471 1369 493 1381 eo
503 1364 545 1387 quia
555 1364 640 1387 perjurus
651 1367 685 1385 est=
695 1368 716 1381 ut
724 1364 820 1387 prefertur,
832 1368 869 1382 turn
877 1364 931 1381 etiam
938 1364 979 1387 quia
988 1364 1047 1387 ipsum
1055 1370 1092 1381 non

159 1398 313 1419 examinaverunt,
322 1401 360 1415 tum
371 1397 424 1414 etiam
435 1398 477 1420 quia
486 1397 552 1415 statuta
563 1400 580 1414 et
590 1398 733 1415 consuetudines
747 1398 796 1421 ipsas
810 1404 847 1415 non
859 1398 939 1415 servavit
950 1404 984 1415 nec
997 1398 1030 1415 alia
1043 1404 1092 1415 coin-

159 1431 220 1454 plevit,
231 1437 266 1454 que
277 1431 349 1448 notorie
358 1434 444 1448 tenentur
452 1431 512 1448 facere
526 1434 544 1448 et
554 1437 627 1448 servare
636 1431 721 1448 baealarii
733 1431 752 1448 in
763 1431 852 1448 medicina
863 1431 973 1452 lieentiandt
990 1435 1027 1448 tum
1039 1431 1092 1448 etiam

159 1464 200 1487 quia
210 1470 242 1487 per
253 1468 332 1482 nostram
344 1464 445 1482 facultatem
455 1470 492 1481 nou
502 1464 557 1481 fuerit
567 1464 615 1481 dieto
626 1464 733 1481 cancellario
744 1468 865 1488 presentatus„
876 1467 912 1481 tum
924 1464 976 1481 etiam
992 1465 1032 1487 quia
1045 1470 1092 1482 anno

159 1498 201 1519 isto²
212 1497 283 1515 scilicet
292 1504 340 1515 anno
350 1498 423 1515 Domini
433 1497 531 1515 millesimo
539 1497 593 1515 CCC⁰
601 1497 693 1515 tricesimo
701 1497 809 1519 [secundum
821 1503 896 1518 morem,
905 1503 958 1514 usum
969 1501 987 1515 et
996 1501 1092 1515 consuetu-
