1308 1835
210 231 232 248 50
496 236 661 248 cnam-nmmum
677 236 773 248 umvrns.
792 236 856 248 mais.
935 235 937 238 ’
1094 230 1142 249 [1291

209 272 240 290 vel
249 273 339 296 supplicio
350 273 462 290 afficiendus.
476 266 521 290 Cum
530 272 590 296 ‘igitur
602 273 650 290 inter
662 278 696 290 nos
709 278 731 289 ex
740 278 775 289 una
786 276 835 295 parte
846 276 863 290 et
874 273 1021 296 pergamenarios
1032 273 1112 290 Parisius
1123 279 1143 290 ex

210 305 272 327 altera,
279 305 350 328 jamdiu
361 307 394 327 est,
405 309 444 322 orta
453 305 520 322 suisset
529 305 621 322 dissensio
632 311 687 328 super
699 311 721 322 eo
733 305 819 322 videlicet
828 305 878 328 quod
887 305 922 328 ipsi
935 304 1068 329 pergamenarii
1078 305 1143 322 multas

210 338 283 356 fraudes
297 341 315 355 et
327 338 469 362 quamplurimas
482 338 561 355 malicias
573 338 591 355 in
607 338 684 355 emendo
697 342 714 355 et
726 338 822 356 vendendo
834 338 964 362 pergamenum
976 338 1113 356 committebant
1125 339 1143 356 in

210 371 339 388 Universitatis
357 374 373 388 et
390 371 491 394 reipublice
508 371 627 394 prejudicium
645 375 664 389 et
679 377 783 394 gravamen,
798 371 839 388 ideo
856 375 898 389 tunc
913 371 1001 395 temporis
1017 371 1095 389 fecimus
1111 377 1143 389 eos

208 405 270 427 jurare
288 404 337 428 quod
354 404 389 427 ipsi
404 404 422 421 in
438 404 516 422 emendo
533 407 550 421 et
566 404 663 422 vendendo
677 404 736 422 nullas
754 405 826 422 fraudes
840 405 979 426 committerent.
996 405 1050 422 immo
1065 404 1143 422 fideliter

210 441 293 455 emerent
302 441 321 455 et
329 437 409 455 fideliter
418 437 523 455 venderent.
536 438 588 460 Quod
599 441 664 460 tamen,
675 442 730 462 prout
741 442 769 456 est
781 439 803 456 de
817 444 864 456 novo
875 442 981 462 conpertum
991 437 1025 462 per
1034 438 1143 462 inquestam,

210 472 260 494 quod
272 472 376 494 juramento
391 472 518 495 promiserant,
533 472 616 495 legaliter
633 478 670 489 non
685 476 786 490 servarunt.
801 473 858 489 Immo
874 472 955 490 fraudem
972 472 1038 493 fraudi,
1055 472 1143 489 maliciam

210 505 281 522 malicie
298 505 413 522 cumulantes
429 505 448 522 in
461 505 560 523 animarum
575 511 647 523 suarum
663 506 763 529 periculum
776 509 794 522 et
807 505 904 522 multorum
917 505 1007 523 lesionem
1023 509 1041 522 et
1055 506 1143 528 jacturam

210 541 272 555 eontra
287 538 381 562 proprium
393 539 516 562 juramentum
529 539 612 556 faciendo
630 538 754 561 multipliciter
770 541 903 560 attemptat-unt.
918 539 942 555 Et
955 538 997 561 quia
1011 538 1098 561 scriptum
1108 542 1143 559 est,

210 572 260 594 quod
269 578 333 595 parum
346 572 443 595 prodesset
454 571 554 589 humilibus
567 571 666 592 humilitas,
679 571 695 588 si
707 574 821 594 contemptus
835 571 973 588 contumacibus
985 577 1023 588 non
1033 571 1113 593 obesset,
1126 574 1144 588 et

209 605 285 622 crimina
298 605 421 628 undecunque
434 604 539 626 claruerint,
552 604 590 621 sint
603 604 701 627 punienda,
715 604 769 621 immo
783 607 851 621 certum
867 604 897 625 sit,
911 604 959 627 quod
973 610 1010 622 non
1027 608 1076 622 caret
1093 610 1144 622 scru-

209 638 253 661 pulo
266 638 359 655 societatis
372 637 450 658 occulte,
464 637 494 660 qui
507 637 603 655 manifesto
614 637 691 654 facinori
703 637 771 655 desinit
783 637 856 655 obviare
868 643 872 654 z
883 638 924 655 ideo
938 644 972 655 nos
984 638 1068 655 volentes
1080 644 1143 655 eorum

208 675 236 688 tot
250 671 340 689 versuciis
356 674 375 688 et
391 671 445 688 tantis
459 674 545 694 quantum
561 676 660 694 possumus
674 671 755 692 obviare,
770 671 857 694 quosdam
873 671 959 688 articulos
973 671 1050 688 fecimus
1067 672 1143 689 utilitate

209 705 338 722 Universitatis
349 707 429 727 pensata,
441 710 487 727 quos
497 705 524 721 eis
534 704 585 727 prius
596 704 613 721 in
625 705 705 721 Romano
716 711 749 721 seu
759 704 838 721 Gallico¹
853 710 951 728 expressos
962 705 1025 727 jurare
1037 705 1114 722 fecimus
1124 705 1143 721 in

208 741 277 761 aperto.

253 771 325 788 Primus
335 771 422 788 articulus
433 774 467 792 est,
478 771 526 794 quod
537 771 580 788 dicu'
591 771 724 795 pergamenarii
733 771 793 788 nullas
803 771 948 794 conspirationes
959 771 1026 788 facient
1034 771 1053 788 in
1064 771 1143 794 prejudi-

208 804 256 821 cium
266 804 395 828 magistrorum
406 808 424 822 et
434 804 531 821 scolarium
541 808 559 821 et
568 811 672 828 gravamen,
684 808 701 821 et
710 805 792 828 ipsorum
803 805 981 828 pergamenariorum
992 804 1015 821 ad
1025 804 1109 821 invicem.

253 838 298 854 Item
309 838 358 860 quod
368 837 404 861 ipsi
414 837 450 854 sihi
459 838 481 854 ad
491 837 570 854 invicem
579 837 685 855 fidelitatem
696 841 714 855 et
723 837 833 861 legalitatem
845 838 863 855 iu
873 838 950 855 emendo
961 838 1065 855 servabunt.

253 871 297 887 Item
311 871 360 893 quod
374 871 427 888 dictis
441 871 533 894 magistris
546 874 564 887 et
576 870 679 888 scolaribus
692 871 771 888 vendent
783 870 867 894 legaliter
878 871 918 887 sine
930 871 1001 892 fraude,
1013 876 1047 887 nec
1059 870 1144 887 celabunt

210 909 342 927 pergamenum
353 903 420 921 honum
431 904 447 921 si
455 903 534 921 habeant
543 910 600 927 penes
610 910 636 921 sei

253 937 297 954 Item
308 937 357 960 quod
368 943 404 954 non
415 941 511 954 occurrant
520 937 653 955 mercatoribus
663 940 712 954 extra
723 937 814 955 nundinas
826 937 849 954 ad
863 937 960 954 emendum
969 943 1100 960 pergamenum
1111 943 1144 961 per

209 976 229 987 se
240 976 274 987 nec
286 976 319 993 per
328 970 376 987 alios
387 976 391 987 ε
404 974 421 988 et
432 970 482 994 quod
493 976 530 988 non
541 974 601 988 emant
611 976 741 994 pergamenum
752 971 772 987 in
783 970 862 994 pellibus
873 976 906 994 pro
917 971 970 988 annis
981 970 1048 988 suturis
1059 970 1081 987 ad
1092 976 1143 988 suam

209 1003 323 1027 placentiam,
335 1007 354 1021 et
363 1004 413 1027 quod
423 1003 480 1021 nichil
491 1007 551 1021 emant
561 1010 601 1021 euin
612 1004 688 1021 candela
698 1004 718 1021 in
728 1004 806 1021 occulto.

255 1038 298 1054 ltern
311 1037 360 1060 quod
373 1043 413 1054 cum
425 1037 558 1054 mercatoribus
568 1037 648 1054 soraneis
661 1040 742 1060 tempore
753 1037 874 1054 nundinarum
887 1037 916 1054 vel
929 1043 1038 1060 quocunque
1051 1037 1086 1054 alio
1098 1040 1143 1054 tem-

210 1076 254 1093 pore
266 1069 333 1087 nullam
347 1070 486 1087 conventionem
498 1070 565 1087 facient
578 1070 680 1087 ordinando
690 1070 720 1087 vel
730 1071 807 1088 taxando
818 1076 859 1088 cum
871 1070 916 1093 ipsis
928 1070 950 1087 de
962 1071 1021 1094 pretio
1031 1070 1143 1094 imponendo

209 1109 326 1127 pergameno⁴

255 1138 299 1154 ltem
310 1137 359 1160 quod
370 1143 407 1154 non
417 1141 478 1154 ement
487 1143 617 1160 pergamenum
627 1137 663 1154 nisi
673 1137 721 1160 apud
728 1137 747 1154 S.
758 1137 907 1155 Matutinum,vel
916 1137 936 1154 in
945 1137 986 1154 loeo
996 1137 1070 1160 publico
1078 1137 1143 1154 nundi·

209 1176 280 1188 narum.

254 1204 298 1221 item
311 1204 360 1227 quod
372 1204 388 1221 si
399 1204 531 1227 pergamenarii
542 1204 623 1221 Parisius
633 1207 694 1220 emant
703 1209 833 1227 pergamenum
843 1207 929 1227 presente
939 1203 1026 1226 magistro
1036 1203 1065 1221 vel
1076 1204 1143 1221 scolari

210 1237 305 1260 indigente
317 1243 435 1260 pergameno,
450 1237 499 1260 quod
511 1237 571 1254 dictus
586 1237 673 1260 magister
687 1237 716 1254 vel
727 1237 804 1254 scolaris
817 1236 882 1254 habeat
894 1240 963 1260 partem
974 1237 1025 1254 illius
1037 1237 1143 1260 pergameni

210 1276 243 1294 pro
255 1270 287 1288 illo
297 1270 364 1294 pretio⁷
376 1276 409 1294 pro
420 1276 456 1294 quo
468 1273 546 1293 emptum
558 1270 618 1288 suerit.
630 1270 730 1287 Tenehitur
741 1274 799 1287 tamen
810 1270 859 1287 dicto
869 1270 1007 1293 pergamenario
1017 1270 1104 1294 magister
1114 1270 1143 1288 vel

210 1303 287 1321 scolaris
305 1304 348 1321 dare
365 1310 397 1321 sex
413 1304 499 1321 denarios
515 1304 538 1320 de
555 1303 600 1321 libra
617 1309 651 1327 pro
668 1303 756 1320 industria
774 1309 806 1320 sua
823 1307 841 1320 et
857 1303 925 1320 labore.
943 1303 1065 1327 Intelligimus
1083 1307 1142 1321 autem

210 1341 314 1360 presentem
325 1343 367 1354 esse
378 1336 429 1354 illum
440 1337 471 1360 qui
482 1340 510 1354 est
521 1336 553 1358 ibi,
564 1340 659 1360 antequam
671 1342 801 1360 pergamenum
812 1336 836 1354 sit
846 1336 937 1360 partitum.

254 1371 298 1387 ltem
309 1370 478 1393 quodsmercatores
488 1370 557 1393 singuli
566 1373 662 1393 presentes
673 1370 690 1387 in
701 1369 778 1387 emendo
789 1370 826 1387 sint
835 1370 938 1393 participes*
950 1370 1072 1393 Intelligimus
1082 1373 1141 1387 autem

211 1407 305 1427 presentes
317 1403 372 1420 modo
383 1404 494 1427 supradicti»
803 1404 805 1406 ’
1013 1403 1015 1405 “

228 1448 230 1450 v
254 1437 298 1454 Item
314 1436 363 1460 quod
377 1437 435 1460 prima
449 1437 478 1453 die
494 1436 616 1454 nundinarum
630 1436 712 1453 Landiti'
727 1436 756 1454 vel
771 1437 787 1454 S.
804 1437 865 1454 Lazari
878 1437 914 1454 non
929 1440 989 1454 emant
1003 1436 1141 1460 pergainenum3

209 1473 304 1493 antequam
318 1473 429 1487 mercatores
442 1469 511 1487 domini
527 1470 584 1493 regis,
601 1469 670 1487 domini
684 1470 793 1488 Parisiensis
807 1470 919 1493 episcopi'et
933 1470 1015 1493 magistri
1030 1473 1048 1487 et
1060 1470 1141 1487 scolares

210 1503 293 1529 emerintg
304 1503 341 1520 nisi
350 1503 421 1520 foranei
433 1506 542 1520 mercatores
554 1503 600 1520 di‘cxa
612 1503 642 1520 die
653 1503 730 1521 emerint
741 1505 782 1521 aute'
793 1507 864 1527 tempus
875 1503 984 1526 pre'dictum.
