1308 1835
218 213 266 231 1331]
419 220 442 231 aa
460 220 512 232 ,iuno
530 219 648 232 mcccxxxvi
666 219 731 234 usqua
747 219 771 230 ,m
787 218 858 230 aruum
874 218 947 230 ncces..
1118 217 1150 233 371

217 256 313 276 medicine,
327 259 345 272 et
356 258 418 272 contra
431 256 528 278 magistros
538 256 638 273 Johannein
654 256 704 278 Pipe,
718 256 829 279 Stephanum
842 255 865 272 de
877 255 997 273 Calvomonto
1008 258 1027 272 et
1041 256 1151 278 Stephanum

217 289 239 305 de
253 289 343 311 Nogento,
356 289 453 311 magistros
464 289 482 305 in
492 289 582 305 medicina
595 292 613 306 et
627 295 691 305 eorum
701 289 802 312 quemlibet
811 289 830 306 in
840 289 918 306 solidum
930 292 964 306 tarn
974 289 1085 311 conjunctim
1098 295 1150 311 quam

217 322 289 339 divisim
306 322 412 344 petitionem
429 327 462 338 seu
478 321 565 338 articulos
583 321 716 344 infrascriptos,
730 322 862 345 protestatione
875 322 1005 339 nichilominus
1019 322 1113 345 prehabita
1129 328 1151 339 ex

217 358 266 377 parte
276 355 410 378 procurationis
420 355 490 371 domini
501 354 579 377 predicti
590 354 693 371 cancellarii
704 355 744 377 ejus
753 355 804 372 curie
816 358 835 372 et
846 361 879 378 pro
893 356 946 378 ipsis,
961 355 1009 378 quod
1023 355 1071 376 stilo„
1083 355 1124 372 usui
1134 358 1151 372 et

217 387 346 404 consuetudini
357 387 408 404 curie
420 386 508 409 predicte,
520 386 587 409 quibus
597 390 670 403 cavetur
683 386 732 409 quod
747 387 844 404 summarie
854 390 872 404 et
884 388 907 404 de
921 387 973 410 plano
990 388 1029 404 sine
1044 387 1120 410 strepitu
1134 390 1152 404 et

217 419 275 443 figura
282 420 348 443 judicii
357 423 375 438 et
384 419 453 443 absque
464 419 500 436 ulla
510 419 625 437 solemnitate
635 419 766 442 scripturarum
777 420 882 443 proceditur
893 423 910 437 et
921 420 996 443 procedi
1006 420 1061 437 debet
1068 420 1086 437 in
1094 420 1150 440 curia,

216 453 255 476 ipsa
265 459 302 470 non
312 453 390 470 intendit
400 453 418 470 in
432 452 493 476 aliquo
506 453 595 476 derogare
608 456 626 470 et
639 452 688 476 quod
701 453 850 476 protestationem
865 453 904 470 vult
916 453 936 470 in
950 453 1106 476 subsequentibus
1119 459 1151 476 pro

217 487 291 509 repetita
306 486 369 503 haberi
383 490 402 503 et
414 492 468 509 quam
481 487 504 503 de
517 490 581 504 nostro
594 486 654 503 officio
668 486 775 503 admisimus
789 489 873 509 tanquam
888 486 969 509 legitime
984 487 1006 503 de
1021 492 1062 507 usu„
1078 487 1119 503 stilo
1135 490 1152 503 et

216 520 349 537 consuetudine
359 520 445 542 predictis
456 523 539 543 tanquam
551 520 623 537 notorie
632 520 718 543 primitus
728 519 830 541 informate,
841 519 883 536 licet
896 519 974 536 velimus
988 525 1009 536 ex
1022 520 1079 542 gratia
1092 523 1110 536 et
1119 526 1151 542 per

217 553 290 570 modum
305 553 399 574 memorie,
415 553 465 576 qnod
477 553 592 577 infrascripta
605 553 688 574 crimina,
703 559 789 570 excessus
805 556 822 570 et
837 552 902 570 delicta
916 552 969 569 nobis
984 553 1091 570 denunciata
1106 553 1151 576 ipsis

218 587 311 604 tradantur
319 586 388 610 absque
400 587 437 604 ullo
447 587 549 610 prejudicio
560 587 578 604 iu
589 587 668 610 scriptis>

261 620 322 637 Primo
336 620 384 643 quod
398 620 438 643 ipse
450 620 535 637 dominus
548 620 667 637 cancellarius
684 626 706 637 ex
722 620 825 643 privilegio,
838 626 874 643 quo
886 619 927 643 ipse
938 622 957 636 et
968 619 997 635 sui
1009 619 1151 642 predecessores

217 653 326 670 Parisiensis
338 653 415 670 ecclesie
423 653 526 670 cancellarii
537 654 565 670 usi
575 657 625 674 sunt,
639 657 657 671 et
667 653 721 670 habet
731 653 779 670 idem
794 653 913 670 cancellarius
928 658 984 676 super
997 652 1077 669 licentiis
1090 652 1151 669 conse-

219 686 286 707 rendis,
295 686 345 709 quod
353 686 453 703 secundum
462 692 512 703 suain
521 687 652 704 conscientiam
662 687 711 704 hona
720 687 756 703 side
767 686 876 704 examinabit
885 686 992 709 magistros*
1003 689 1022 703 et
1030 686 1151 703 licentiandos

217 720 235 736 in
246 719 329 736 facultate
346 719 426 742 qualibet
440 720 496 736 studii
510 720 638 737 Universitatis
649 720 758 737 Parisiensis
775 723 792 737 et
806 720 909 743 specialiter
922 720 940 736 in
956 719 1039 736 facultate
1054 720 1118 736 artium
1134 722 1152 736 et

218 753 314 773 medicine,
325 756 343 769 et
352 753 449 769 admittens
460 752 534 775 dignos,
544 753 622 775 repellet
631 753 725 776 indignos,
736 753 821 776 quodque
835 753 853 770 in
867 753 945 770 licentiis
957 753 1074 770 conferendis
1085 752 1152 769 hubent

218 789 323 809 potestatem
338 786 457 809 dispensandi
476 789 512 803 tam
522 786 541 802 in
555 789 636 808 tempore
648 792 699 809 quam
715 786 734 802 in
747 786 788 803 aliis
802 786 933 809 dependenciis
947 792 969 803 ex
982 786 1016 803 hoc
1030 786 1151 803 consideratis

217 819 295 842 singulis
306 819 457 839 circumstanciis,
468 822 523 842 prout
532 819 568 836 sibi
577 819 670 836 videbitur
680 822 697 836 et
707 819 779 836 videtur
788 819 881 842 expedire.
974 814 977 816 ¹

261 852 329 869 Omnes
340 852 392 869 etiam
403 852 484 875 magistri
495 855 512 869 et
522 852 592 875 singuli
601 852 650 869 dicte
659 852 787 869 Universitatis
796 852 838 869 dum
846 852 962 869 licentiantur
969 852 989 868 in
997 858 1029 869 sua
1036 852 1150 875 promotione

214 886 277 908 jurant
286 889 304 902 et
314 885 402 902 hactenus
408 886 471 908 jurare
480 888 618 902 consueverunt
627 885 677 908 quod
686 885 705 902 in
716 885 766 902 nullo
777 891 797 902 se
807 885 930 908 obligaverint
938 885 967 902 vel
978 885 1092 908 obligabunt,
1101 885 1150 908 quod

217 918 241 935 sit
250 922 313 936 contra
322 918 366 935 dicti
380 919 448 935 domini
459 918 563 935 cancellarii
572 922 680 941 potestatem
690 918 720 935 vel
729 918 779 941 quod
788 918 808 935 in
814 918 863 941 juris
873 918 981 935 cancellarie
989 924 1022 935 sue
1029 918 1150 941 prejudicium

216 952 281 968 cedere
289 952 415 974 dignoscatur;
424 952 509 974 quodque
518 952 573 968 nichil
581 951 713 975 attemptabunt
720 957 756 975 quo
764 951 855 968 mediante
863 951 920 968 libera
928 955 1008 974 potestas
1018 955 1034 968 et
1043 951 1150 968 examinatio

217 985 298 1008 ejusdem
314 984 451 1008 quomodolibet
466 985 583 1002 imminuatur
595 985 624 1002 vel
639 985 692 1002 etiam
706 985 835 1008 restringatur3
851 985 936 1008 quodque
949 991 959 1001 a
971 984 1080 1002 bachalariis
1093 984 1150 1001 licen-

216 1018 282 1035 tiandis
292 1018 396 1035 nullatenus
407 1018 481 1041 exigent
491 1018 615 1041 probationem
626 1018 656 1035 vel
665 1018 812 1035 informationem
827 1018 904 1041 aliquam
919 1018 941 1035 de
956 1022 1037 1041 tempore
1051 1018 1150 1035 auditionis

216 1051 328 1068 eorumdem.
346 1052 410 1068 jurant
426 1051 502 1074 insuper
521 1054 539 1068 et
553 1052 616 1074 jurare
634 1054 771 1068 consueverunt
789 1051 838 1074 quod
858 1051 1023 1074 quotienscumque
1039 1055 1058 1068 et
1068 1051 1149 1074 quando-

216 1090 293 1107 cumque
303 1084 361 1101 vocati
369 1090 402 1107 per
409 1084 503 1101 dominum
513 1084 648 1105 cancellarium,
657 1084 689 1107 qui
697 1090 729 1107 pro
738 1087 819 1107 tempore
830 1084 890 1105 fuerit,
901 1084 975 1101 venient
985 1084 1006 1101 ad
1015 1084 1149 1107 perhibendum

216 1117 269 1134 fidele
280 1117 404 1135 testimonium
414 1117 436 1134 de
446 1117 552 1134 baccalariis
562 1117 685 1139 nominandis,
695 1117 847 1140 quandocumque
855 1117 930 1134 eosdem
937 1117 1016 1134 voluerit
1023 1117 1118 1134 admittere
1127 1117 1149 1134 ad

216 1156 296 1172 examen,
308 1151 347 1168 sive
357 1151 381 1168 sit
391 1151 409 1167 in
419 1156 467 1167 anno
477 1156 530 1173 quem
541 1150 585 1168 dicti
599 1150 665 1167 medici
680 1154 745 1167 vocant
752 1156 817 1168 annum
827 1150 929 1173 jubileum‘=
939 1150 978 1167 sive
989 1156 1104 1173 quocumque
1114 1150 1149 1167 alio

216 1190 262 1201 auno
274 1187 291 1201 et
300 1187 382 1207 tempore
393 1184 505 1205 indistincte,
515 1187 569 1207 prout
579 1189 611 1207 per
622 1184 765 1207 predecessores
776 1183 818 1200 dicti
830 1183 898 1200 domini
908 1183 1011 1200 cancellarii
1024 1187 1041 1200 et
1052 1184 1149 1206 ipsummet

215 1217 302 1234 hactenus
313 1217 372 1236 extitit
380 1217 497 1234 observatum
507 1221 525 1234 et
534 1217 587 1234 etiam
597 1220 712 1234 consuetum.
723 1217 746 1234 Et
754 1216 884 1234 nichilominus
896 1222 928 1240 per
937 1222 1000 1234 eorum
1014 1217 1089 1240 prestita
1098 1217 1149 1240 jura-

215 1254 274 1267 menta
285 1250 352 1267 habent
361 1250 459 1267 observare
473 1256 535 1273 pacem
555 1253 572 1267 et
590 1250 738 1273 tranquillitatem
755 1250 811 1267 studii
826 1254 844 1267 et
859 1250 987 1267 Universitatis
1001 1250 1116 1271 Parisiensis,
1131 1254 1149 1267 et

215 1284 263 1306 quod
274 1284 384 1300 contrarium
395 1283 499 1301 nullatenus
509 1284 639 1306 procurabunt,
650 1287 668 1300 et
678 1283 738 1300 omnia
748 1283 767 1300 in
777 1283 885 1306 privilegiis,
893 1283 1039 1300 ordinationibus
1050 1287 1067 1300 et
1077 1284 1149 1300 statutis

215 1322 270 1339 super
280 1317 395 1333 ordinatione
405 1317 461 1333 studii
471 1317 580 1334 Parisiensis
590 1323 599 1333 a
609 1320 658 1334 retro
668 1317 754 1333 Romanis
764 1316 881 1339 pontificibus
890 1320 908 1333 et
917 1316 962 1334 sede
971 1316 1070 1339 apostolica
1081 1317 1148 1333 dudum

215 1356 309 1371 concessa,
319 1353 405 1367 contenta
414 1353 433 1367 et
441 1353 519 1371 narrata,
530 1356 550 1367 se
559 1350 642 1373 legitime
653 1353 670 1367 et
680 1350 702 1367 ad
719 1356 800 1373 unguem
813 1350 911 1367 observare
923 1350 973 1372 juxta
988 1350 1093 1367 eorumdem
1106 1356 1149 1366 con-

215 1383 309 1400 tinentiam
319 1387 337 1400 et
346 1386 435 1400 tenorem.
446 1383 536 1406 Quodque
546 1383 586 1400 suis
596 1383 705 1406 juramentis
716 1389 736 1400 se
746 1383 850 1406 astringunt
860 1383 909 1404 dum7
920 1387 940 1400 ut
949 1383 1065 1406 premittiturv
1077 1389 1149 1406 promo-

215 1419 286 1437 ventur,
297 1416 346 1439 quod
356 1422 397 1433 eum
408 1416 487 1439 expediti
497 1416 565 1433 suerint
576 1416 598 1433 ah
609 1416 690 1433 examine
701 1420 743 1439 post
751 1416 848 1433 lectionem
860 1422 980 1437 communem⁷
992 1416 1006 1433 si
1015 1416 1109 1439 contingat
1118 1422 1149 1434 eos

215 1449 244 1466 vel
254 1455 317 1466 eorum
327 1450 406 1472 aliquem
416 1449 439 1466 ad
449 1446 573 1472 magisterium
584 1449 634 1466 illius
644 1449 735 1466 facultatis
744 1449 821 1472 provehi
831 1449 860 1467 vel
870 1449 958 1472 incipere,
968 1453 1011 1472 post
1020 1449 1109 1466 lectiones
1120 1449 1149 1466 vel

215 1482 349 1505 disputationes
363 1488 396 1505 per
411 1483 457 1499 duos
471 1488 529 1500 annos
542 1482 647 1503 continuos,
662 1482 692 1499 vel
707 1482 729 1499 ad
743 1482 803 1500 minus
816 1488 825 1499 a
840 1482 886 1499 festo
902 1482 950 1499 beati
961 1482 1048 1505 flemigii¹
1059 1488 1117 1505 usque
1127 1483 1149 1500 ad
