1308 1835
213 211 262 230 1331]
419 219 442 230 ΑΒ
459 219 512 230 Auno
529 219 646 230 ucczxxxvr
664 218 730 233 usqua:
748 218 771 230 An
788 218 856 229 Auitum
872 217 943 230 necem.
1115 216 1148 232 359

211 254 272 271 dinem
284 255 340 271 totius
350 254 427 272 ecclesie
443 255 551 276 Gallienue‘]
565 261 602 272 non
615 259 658 272 sunt
671 256 690 272 in
704 259 767 272 nostra
782 255 864 272 facultate
879 254 952 272 licentie
966 255 1091 276 concedende,
1105 262 1146 273 cum

211 287 270 304 solum
282 288 304 304 de
315 288 389 304 biennio
399 288 418 304 in
428 287 522 304 biennium
533 291 640 305 consuetum
651 289 675 305 sit
684 288 785 309 licentiare,
795 292 814 305 et
822 294 870 305 anno
881 288 967 311 preterito
975 287 1059 305 licentias
1070 289 1147 306 contulit

211 320 230 337 in
240 324 302 338 nostra
312 321 403 342 facultate,
414 324 431 338 et
441 326 488 338 anno
498 321 560 337 futuro
570 320 632 344 dignis
642 320 721 338 debeant
730 320 769 338 dari
780 321 859 342 licentie,
871 324 888 338 et
898 327 935 338 non
945 327 994 338 anno
1004 321 1085 344 presenti
1095 321 1147 344 juxta

210 354 355 371 consuetudines
369 354 484 371 antedictas:
495 353 564 370 idcirco
578 359 613 377 ego
629 353 741 377 Reginaldus
756 354 779 371 de
793 354 911 375 Cornemare,
929 355 1039 372 substitutus
1053 361 1062 371 a
1077 354 1147 371 decano

210 387 299 404 facultatis
311 387 408 408 medicine,
415 386 484 404 hahens
495 386 517 404 ad
527 386 561 403 hoc
571 386 674 403 mandatum
685 386 785 408 sufficiens,
793 387 879 404 senciens
888 393 917 404 me
928 391 945 404 et
954 388 1057 405 facultatem
1066 391 1146 404 nostram

210 421 300 437 medicine
311 424 328 437 et
341 420 425 443 singulos
435 420 534 443 magistros
543 420 626 443 ejusdem
636 426 669 443 per
681 426 714 437 vos
725 420 831 443 magistrum
842 420 960 438 Guillelmum
972 421 996 438 de
1008 421 1092 438 Narbona
1103 427 1147 438 can-

209 454 302 471 cellarium
314 454 435 471 Parisieusem
445 457 520 476 propter
529 453 619 477 premissa
629 456 646 470 et
657 453 730 477 singula
740 453 872 476 premissorum
882 453 1008 476 multipliciter
1020 457 1145 478 pergravatus,

210 488 278 504 timens
295 487 348 504 etiam
363 493 385 504 ex
403 487 536 504 verisimilibus
555 487 666 510 conjecturis
680 493 690 504 a
703 486 757 504 vohis
775 487 894 509 imposterum
910 487 989 509 amplius
1004 488 1105 510 aggravari,
1122 487 1146 504 ob

210 521 300 544 premissa
314 520 417 544 gravamina
430 524 447 538 et
460 526 522 538 eorum
534 520 635 543 quodlibet,
646 526 669 537 ne
680 520 757 537 ulterius
768 520 790 537 de
802 520 855 541 facto,
867 526 907 537 cum
920 520 943 536 de
955 521 998 543 jure
1012 526 1050 538 non
1061 521 1145 544 possitis⁴

208 558 271 571 contra
282 560 316 571 nos
325 557 356 571 aut
370 554 454 577 singulos
470 554 568 577 magistros
581 554 629 571 dicte
643 557 705 571 nostre
719 553 810 571 facultatis
824 553 934 577 procedatis,
948 556 978 570 aut
995 553 1042 571 dicto
1058 554 1145 577 magistro

209 587 286 605 Alsonso
296 587 388 605 licentiam
398 588 508 609 concedatis,
519 591 538 604 et
547 593 570 604 ne
581 587 640 604 dictus
650 587 756 610 Alphonsus
766 587 858 604 licentiam
868 593 878 604 a
889 586 942 604 vobis
956 587 974 603 in
985 590 1047 604 nostra
1061 587 1145 604 facultate

209 620 231 637 de
240 621 288 637 facto
298 621 380 644 recipiat,
390 627 430 638 cum
441 621 463 637 de
471 621 513 644 jure
523 627 560 637 non
570 621 630 644 possit
638 627 672 638 nec
687 621 753 638 debeat
764 624 840 643 propter
852 621 939 643 predicta,
952 620 974 637 ad
989 623 1067 637 sanctam
1082 620 1144 637 sedem

208 654 325 677 apostolicam
337 660 346 670 a
355 654 409 671 vobis
419 657 437 671 et
446 657 508 671 contra
518 660 558 675 vos,
569 654 643 671 domiue
654 654 760 671 cancellarie
771 654 886 675 Parisiensis,
898 653 951 671 etiam
961 656 1024 670 contra
1037 654 1144 676 magistrum

207 687 303 704 Alsonsum
315 690 333 704 et
342 690 404 704 contra
414 693 477 704 omnes
488 693 534 710 quos
544 687 640 710 negocium
653 693 729 710 presens
739 687 804 711 tangit,
814 687 887 704 nomine
898 693 938 704 meo
948 690 967 704 et
977 687 1067 704 facultatis
1081 690 1144 704 nostre

207 720 289 743 predicte
304 723 322 737 et
335 720 450 743 singnilorum
464 720 592 743 magistrorum
608 724 671 737 nostre
686 720 776 737 facultatis
789 726 809 737 ac
823 721 904 737 omnium
921 723 939 737 et
956 720 1071 743 singulorum
1089 720 1143 737 nobis

207 753 334 770 adherentium
350 756 367 770 et
381 753 469 770 adherere
483 753 583 770 volentium
599 753 617 770 in
630 753 664 770 hac
679 757 736 776 parte,
752 753 771 770 in
783 753 813 771 his
826 754 901 776 scriptis
914 759 995 776 provoco
1009 757 1028 770 et
1041 753 1113 777 appello
1126 757 1144 771 et

207 786 301 809 apostolos
312 793 321 803 a
330 786 384 803 vobis
393 786 489 807 instanter,
500 787 598 803 instantius
609 790 627 803 et
635 786 767 803 instantissime
778 787 851 803 nomine
861 787 985 809 procuratoris
995 787 1078 809 predicto
1088 787 1143 803 michi

207 819 246 836 dari
256 823 274 836 et
284 820 360 836 concedi
371 823 418 842 peto.
430 820 480 841 Quos
491 819 507 836 si
516 820 571 836 michi
582 820 625 836 dare
635 819 771 842 denegaveritis
781 823 811 836 aut
820 819 861 842 plus
872 820 934 837 debito
948 819 1064 841 distuleritis,
1078 820 1143 837 iterum

208 852 231 869 ob
242 853 275 870 hoc
290 856 310 870 ut
320 853 379 876 primo
393 859 429 876 qno
443 859 498 876 supra
511 853 586 870 nomine
599 853 622 870 ad
636 853 712 870 eandem
728 852 790 870 sedem
805 853 923 876 apostolicam
937 859 1017 875 provoco
1032 856 1051 870 et
1064 853 1143 876 appello,

208 889 312 908 protestans
321 886 345 903 de
354 886 387 903 hac
397 886 478 909 presenti
489 886 610 909 appellatione
623 892 656 903 seu
670 886 798 909 provocatione
811 886 920 906 innovanda,
933 886 1038 907 intimanda,
1052 886 1144 907 mutanda,

207 919 322 942 corrigenda,
334 923 352 936 et
362 919 384 936 de
394 919 478 936 addendo
489 919 548 936 eidem
560 922 577 936 et
587 919 713 940 diminuendo,
724 919 747 940 si,
755 922 815 942 prout.
824 919 904 942 quando,
914 922 933 936 et
942 919 1009 942 quibus
1020 919 1074 936 michi
1084 919 1143 936 visum

207 952 262 970 suerit
272 952 365 976 expedire.
377 953 485 976 Supponens
495 958 524 969 me
534 953 608 970 nornine
616 958 652 976 quo
661 958 716 976 supra
723 956 741 970 et
749 952 850 970 facultatem
858 956 938 970 nostram
947 952 1046 976 predictam
1055 955 1072 969 et
1080 958 1144 970 omnes

208 989 226 1003 et
235 985 320 1009 singulos
329 986 428 1009 magistros
441 986 488 1003 dicte
501 986 591 1003 facultatis
605 990 624 1003 et
638 989 695 1003 status
711 990 793 1003 nostrum
807 986 916 1009 protectioni
931 985 978 1003 dicte
994 985 1050 1007 sedis,
1064 989 1083 1003 et
1095 991 1105 1002 a
1119 989 1143 1007 te,

207 1019 282 1042 publico
292 1012 398 1040 tabellione,
409 1025 437 1036 me
447 1022 540 1042 presente,
550 1019 591 1036 loco
601 1019 725 1042 apostolorum
737 1020 892 1040 testimonialium,
906 1022 947 1042 peto
959 1018 1013 1036 michi
1024 1019 1097 1036 nornine
1107 1025 1143 1042 quo

207 1058 262 1075 supra
273 1058 328 1075 super
341 1052 426 1069 omnihus
437 1056 454 1069 et
467 1052 546 1075 singulis
556 1053 652 1075 premissis
666 1052 706 1070 fieri
720 1052 813 1075 publicum
826 1053 974 1074 instrumentum,
988 1052 1017 1069 hic
1031 1056 1111 1069 astantes
1124 1053 1144 1069 in

208 1089 264 1102 testes
274 1086 362 1102 invocans
372 1085 394 1102 de
405 1085 506 1108 premissis,
518 1092 527 1101 ›>

252 1119 290 1141 Qua
304 1118 426 1141 appellatione
440 1124 472 1135 seu
486 1118 616 1141 provocatione
629 1118 656 1135 sic
669 1118 784 1141 interposita,
799 1119 886 1142 magister
899 1118 1010 1136 Guillelmus
1025 1118 1144 1135 cancellarius
1170 1116 1174 1118 “

209 1152 304 1174 respondit
317 1152 366 1174 quod
380 1152 444 1169 dictam
460 1152 550 1172 cedulam,
564 1152 629 1168 dictam
645 1152 793 1175 provocationem
807 1158 839 1169 seu
856 1151 996 1175 appellationem
1013 1152 1143 1173 continentem,

209 1191 241 1208 pro
251 1185 296 1202 lecta
311 1185 395 1206 habebat,
411 1188 429 1202 et
442 1185 492 1208 quod
506 1185 597 1202 tricesima
611 1185 641 1202 die
656 1191 665 1202 a
676 1186 718 1208 jure
728 1188 793 1202 statuta
804 1185 864 1202 eidem
873 1185 966 1208 apostolos
979 1185 1089 1202 concederet
1098 1185 1144 1202 tales

208 1218 271 1241 quales
282 1218 354 1241 dejure
369 1218 411 1235 dare
423 1222 523 1235 teneretur.
537 1219 582 1235 Acta
591 1219 666 1235 fuerunt
675 1218 709 1235 hec
719 1218 738 1235 in
751 1218 806 1235 domo
818 1218 935 1236 habitationis
950 1218 994 1235 dicti
1007 1218 1110 1235 cancellarii
1124 1218 1144 1235 in

208 1251 288 1268 claustro
303 1252 409 1273 Parisieusi,
419 1258 467 1268 anno
480 1255 498 1268 et
511 1252 541 1269 die
552 1252 669 1275 supradictis,
683 1252 800 1275 presentibus
813 1252 836 1269 ad
848 1251 882 1269 hec
898 1251 983 1269 discretis
997 1251 1041 1269 viris
1056 1252 1144 1275 magistro

210 1284 300 1307 Stephano
316 1285 341 1301 Le
354 1285 434 1306 Bari-nis,
447 1285 513 1308 Egidio
525 1284 547 1301 de'
558 1285 658 1302 Suessione
668 1288 687 1302 et
695 1285 777 1302 Johanne
787 1285 810 1302 de
825 1285 882 1308 Byon,
894 1285 1014 1308 jurisperitis,
1028 1291 1048 1302 ac
1061 1285 1144 1302 Johanne

210 1318 232 1335 de
242 1318 313 1341 Digon⁶
323 1318 412 1341 magistro
421 1318 440 1335 in
450 1318 527 1340 artibus,
537 1318 616 1335 testibus
626 1318 648 1335 ad
658 1318 691 1335 hec
701 1318 771 1336 vocatis
781 1321 799 1335 et
808 1318 883 1342 rogatis.

254 1351 324 1368 Deinde
334 1357 378 1369 vero
387 1351 407 1368 in
417 1351 466 1369 exitu
476 1351 524 1368 dicte
534 1351 599 1369 domus
615 1352 658 1369 dicti
668 1352 738 1369 domini
750 1352 854 1369 cancellarii
870 1352 922 1375 quasi
936 1352 1057 1369 incontinenti
1071 1356 1113 1376 post
1125 1352 1144 1369 in

209 1385 245 1402 mei
258 1385 323 1402 notarii
340 1385 408 1408 publici
422 1385 533 1408 testiumque
546 1385 705 1408 infrascriptos-um
718 1385 812 1408 presencia
828 1385 949 1408 personaliter
962 1386 1056 1403 constituti
1070 1386 1145 1403 discreti

210 1418 244 1435 viri
254 1418 337 1441 magistri
347 1418 439 1435 lohannes
449 1418 472 1435 do
482 1419 526 1441 Dya,
540 1418 643 1441 Stephanus
658 1418 681 1435 de
695 1419 820 1438 Calvomonte,
837 1418 885 1435 Sello
900 1419 922 1435 de
936 1419 1000 1440 Puteo,
1015 1419 1107 1436 Johannes
1122 1419 1145 1436 de

210 1451 286 1472 Halinis,
294 1452 393 1469 Gratianus
401 1452 423 1468 de
431 1451 498 1472 Brixia,
505 1451 612 1474 Radulphus
620 1451 708 1472 Pinehon,
716 1451 808 1468 Iohannes
816 1452 839 1468 de
846 1452 919 1474 Coussy
927 1455 944 1468 et
951 1452 1043 1469 Johannes
1052 1452 1074 1468 de
1082 1452 1144 1472 Portu,

210 1485 292 1507 magistri
302 1485 320 1501 in
331 1485 428 1505 medicina,
438 1484 486 1501 dicte
496 1484 621 1507 provocationi
630 1490 663 1501 seu
672 1484 788 1506 appellationi
798 1490 830 1507 per
837 1484 904 1501 dictum
912 1484 972 1501 Iocum
981 1488 1072 1501 tenentem
1081 1484 1144 1501 decani
