1308 1835
85 1265 172 1278 Doounnurn

96 1285 161 1295 romam.

105 1338 151 1350 Medio

212 243 238 255 xu
500 246 660 257 ann'ruLAnluu
678 245 772 257 unlvnns.
791 245 855 256 Pnnls.

213 281 327 300 baccalareus
338 282 357 300 in
368 282 459 306 theologia
469 283 515 304 erat3
527 282 585 300 solum
598 281 631 300 sub
640 283 693 300 Petro
703 282 725 300 de
736 282 817 304 Ailliaco,
826 282 864 306 ejus
876 287 985 303 successore.
1001 287 1028 300 res
1038 282 1111 300 demum
1124 281 1145 300 ad

212 317 295 341 antiquas
302 317 375 342 regulas
383 317 502 341 redintegrata
507 317 550 335 est‘-
560 317 639 335 Similem
648 317 774 341 negligentiam
782 317 805 335 ad
810 323 839 335 an.
849 319 895 336 1290
901 317 973 341 quidem
976 317 1014 341 jam
1023 317 1145 339 observamus,

213 358 255 370 cum
268 352 386 371 cancellarius
398 352 452 370 Paris.
466 352 489 370 ad
502 352 568 370 dandas
577 352 659 370 licentias
671 352 690 369 in
700 352 768 370 artibus
779 352 876 375 quemdam
884 352 968 375 instituit,
978 352 1010 376 qui
1021 358 1114 376 nunquam
1127 352 1146 370 in

213 388 280 406 artibus
289 388 391 406 licentiatus
402 389 448 409 erat;
457 387 488 405 sed
499 387 607 405 Universitas
617 389 656 405 turn
667 389 729 405 eontra
742 387 869 406 cancellarium
880 387 975 406 insurrexit
989 389 1013 410 (η’)
1021 389 1063 410 569,
1075 394 1094 412 p.
1104 387 1145 412 45).

214 424 276 441 Postea
287 422 393 441 substitutos
404 422 507 441 cancellarii
515 428 546 441 seu
554 422 690 441 subcancellarii
697 423 745 447 apud
753 423 772 441 S.
781 422 887 441 Genovesam
897 423 990 447 magistros
999 424 1016 441 in
1026 423 1080 441 theol.
1086 438 1091 445 ,
1099 423 1146 447 apud

212 459 295 477 Nostram
301 457 396 476 Dominam
406 458 474 476 baooal.
482 458 501 476 in
509 458 564 477 theol,
573 458 640 477 electos
649 458 729 476 videmus
737 458 778 482 (vid.
787 461 807 476 n⁰
816 459 870 480 ¹185,
877 457 911 482 (9),
919 459 956 476 not.
965 459 990 481 8),
999 459 1029 482 qui
1036 460 1096 477 tamen
1102 460 1147 477 tunc

212 493 298 517 temporis
307 498 378 517 semper
384 493 459 516 gradum
466 493 587 518 magistralem
594 493 613 512 iu
622 493 688 512 artibus
695 493 787 512 consecuti
795 496 852 512 eraut.

262 529 285 546 Ut
294 530 343 547 recte
351 529 373 547 de
382 529 410 546 his
418 529 503 547 omnibus
510 529 628 552 existimetur⁷
638 535 661 547 ne
667 529 731 547 modus
742 529 838 547 excedatur
848 529 906 547 decet.
915 529 985 547 Causae
995 534 1066 552 quoque
1076 531 1147 547 exterae

211 563 331 586 addebantur,
343 565 410 582 scilieet
418 564 466 582 bella
475 570 517 582 cum
526 564 607 582 Flandris
616 566 632 582 et
639 564 701 588 Anglis
706 571 711 586 3
722 564 806 582 excitatio
814 563 915 582 animorum
923 563 989 582 talibus
998 564 1068 582 casibus
1076 570 1147 588 semper

212 600 299 624 adjuncta
313 599 387 618 minime
400 599 512 618 Universitati
528 599 600 624 profuit.
614 599 662 618 Idem
677 599 773 617 dicendum
788 599 810 617 de
823 599 897 618 terribili
910 599 1018 618 mortalitate
1031 605 1077 623 quae
1091 601 1146 618 totam

214 636 303 659 Europam
312 635 410 659 populavit.
419 635 479 653 Verba
485 634 547 653 decani
555 637 573 653 et
581 634 658 659 Capituli
665 634 719 653 Pan's.
729 634 815 653 Clementi
822 635 847 653 Vl
856 641 912 659 papae
920 635 1064 655 lamentantium.
1073 635 1147 653 Univer-

212 670 260 689 sitati
266 671 323 689 Paris.
332 670 438 695 generaliter
446 670 530 694 adaptare
538 676 644 694 possumus:
656 677 663 686 a
671 670 720 693 quod
726 672 798 694 propter
805 670 938 693 mortalitatem,
946 676 981 694 que
988 671 1026 688 Deo
1033 670 1147 694 permittente

212 706 301 726 ⁴civitatem
310 706 367 724 Paris.
379 707 396 723 et
407 707 467 729 partes
476 705 576 724 convicinas
588 706 657 728 invasit,
667 707 694 723 est
704 705 722 723 in
731 706 794 724 eadem
805 706 881 724 ecclesia
891 706 990 724 diminutus
998 711 1084 724 numerus
1092 706 1147 724 mini-

213 743 304 759 sti-orum»
317 740 385 765 (Suppl.
397 740 455 759 elem.
466 741 497 763 vl,
505 746 534 759 an.
546 742 564 764 8,
574 747 593 765 p.
602 742 620 763 2,
629 741 661 759 sol.
672 741 712 764 Μ’),
723 741 782 759 adan.
793 742 846 764 1349,
855 742 903 765 Sept.
914 741 938 765 9).

261 777 301 794 Non
309 782 373 794 omnes
385 775 459 800 insuper
469 776 486 794 in
496 776 612 794 Universitate
625 776 717 795 studentes
728 777 810 795 eamdem
818 776 865 795 viam
876 777 967 801 ingressos
977 782 1017 795 esse
1025 777 1146 795 confitendum

213 814 249 834 est;
258 814 365 836 supererant
370 813 406 830 tarn
413 811 492 835 religiosi
500 817 553 835 quam
561 811 660 830 saeculares
668 812 699 835 qui
706 811 767 830 animo
774 812 844 830 excelso
852 812 874 830 de
881 812 955 830 scientia
962 812 1001 830 sola
1009 811 1081 830 solliciti
1089 814 1145 830 erant.

213 846 296 865 Ceterum
309 846 463 870 quemadmodum
475 846 556 870 spiritum
568 846 653 870 antiquae
661 846 766 871 disciplinae
773 853 857 865 renovare
864 847 882 864 in
890 847 975 865 membris
985 847 1060 865 Ordines
1066 847 1146 871 religiosi

213 883 273 901 conati
280 884 328 905 sunt,
338 882 362 900 sic
369 881 478 900 Universitas
485 883 502 900 et
509 882 590 906 singulae
597 882 698 900 Facultates
705 882 824 906 Nationesque
831 882 989 906 prohibitionibus,
995 882 1072 905 statutis,
1080 882 1147 906 regulis

214 919 283 937 ruinam
297 918 353 937 vitare
367 920 485 940 tentavemnt,
497 920 516 936 ut
528 918 545 936 in
559 918 594 936 hoc
605 918 697 936 volumine
711 918 798 937 videmus.
811 918 910 937 Fatendum
924 924 995 942 quoque
1008 918 1147 936 consuetudines

214 954 270 972 bonas
278 955 295 972 et
305 953 426 971 institutiones
435 953 521 977 quasdam
531 953 603 971 saeculo
613 959 647 971 xm
655 953 774 977 inauguratas¹
786 953 842 978 magis
851 953 870 971 in
877 954 912 972 hoc
920 956 999 977 tempore
1007 953 1090 971 formatas
1100 959 1145 971 esse.

214 989 296 1013 Denique
303 988 382 1013 Collegia
389 988 477 1013 quaedam
485 988 583 1007 saecularia
590 990 610 1007 ut
616 990 705 1007 Navarrae
712 990 729 1007 et
737 989 833 1012 Soffionae,
840 988 928 1013 imprimis
935 988 1033 1010 Sarbena,
1042 988 1146 1007 severiorem

214 1024 326 1048 disciplinam
337 1026 373 1042 tam
381 1024 403 1042 de
412 1024 494 1042 moribus
501 1030 556 1048 quam
565 1024 588 1042 de
596 1024 671 1042 scientia
684 1024 702 1042 in
715 1030 756 1043 suos
765 1024 848 1043 alumnos
859 1025 983 1042 exercuerunt.
994 1024 1043 1042 Haec
1052 1023 1147 1048 disciplina

213 1059 325 1084 ingeniorum
336 1061 354 1078 et
364 1059 465 1078 animorum
475 1059 507 1077 toti
514 1059 626 1078 Universitati
634 1059 716 1078 salutaris
723 1059 763 1082 suit,
773 1061 790 1078 et
798 1059 896 1078 videbimus
905 1059 924 1077 in
934 1061 992 1078 aetate
1002 1059 1095 1083 posteriori
1107 1060 1148 1078 Son*

214 1095 281 1114 bonam
289 1095 416 1119 hegemonium
424 1095 516 1119 antiquam
524 1094 645 1113 Universitatis
655 1095 711 1113 Paris.
719 1095 738 1113 in
746 1095 800 1113 rebus
810 1095 916 1118 theologicis
924 1095 1038 1118 arripientem
1050 1095 1147 1118 oculosque

213 1131 267 1148 totius
277 1131 358 1155 Europae
367 1131 388 1149 ad
398 1130 533 1149 Universitatem
541 1130 597 1148 Paris-
606 1131 732 1148 attrahentem,

661 1195 702 1215 III

263 1261 375 1279 Documenta
388 1261 468 1279 nondum
478 1261 525 1279 edita
539 1261 568 1285 (de
580 1261 626 1279 notis
636 1261 683 1279 infra
695 1261 719 1279 lV
727 1260 780 1279 verba
790 1260 881 1285 faciemus)
891 1260 949 1278 multo
959 1260 1012 1284 plura
1021 1260 1040 1278 in
1052 1260 1087 1279 hoc
1099 1261 1139 1279 volu

215 1297 264 1315 mine
271 1302 325 1320 quam
337 1296 354 1314 in
361 1296 420 1320 primo
427 1296 484 1314 lector
491 1296 577 1318 inveniet;
585 1296 638 1315 liceat
644 1296 746 1320 gravissima
753 1296 815 1314 saltem
826 1296 855 1314 hic
863 1301 955 1314 recensere
964 1302 968 1313 :

263 1332 385 1350 Instrumenta
392 1331 414 1349 de
420 1331 555 1355 probationibus
563 1332 675 1350 medicorum
681 1332 704 1356 (n‘
710 1333 752 1353 804,
760 1332 803 1353 826,
810 1332 852 1353 839,
859 1331 902 1354 852,
909 1331 986 1355 882J,de
995 1330 1147 1355 disputationibus

215 1373 278 1385 eorum
287 1369 318 1390 (n'¹¹
326 1368 378 1388 ¹029)
384 1373 388 1388 ;
396 1366 417 1384 de
424 1366 465 1384 viris
472 1366 500 1385 vel
508 1366 580 1385 feminis
585 1366 693 1385 medicinam
701 1366 762 1385 illicite
769 1366 907 1391 practicantibus
916 1366 938 1389 (11¹
946 1367 981 1385 693
990 1372 1028 1391 sqq,
1033 1381 1037 1389 ,
1050 1367 1147 1390 811-817),

215 1408 260 1427 quae
270 1408 373 1427 quanquam
383 1402 474 1420 fastidiosa
484 1401 601 1420 similitudine
608 1401 702 1426 aliquoties
711 1402 812 1426 displicent,
823 1404 884 1420 tamen
891 1402 949 1420 multa
956 1402 979 1420 de
985 1402 1055 1420 statutis
1062 1402 1124 1426 priscis
1132 1404 1148 1420 et

218 1438 279 1456 usibus
290 1438 386 1456 Facultatis
397 1437 497 1456 medicinae
506 1437 614 1460 jamdudum
626 1437 695 1455 amissis
706 1443 737 1455 nos
749 1437 814 1455 docent
819 1444 824 1459 3
836 1440 889 1461 atque
901 1443 922 1456 ea
932 1443 978 1462 quae
988 1438 1040 1456 litem
1051 1438 1148 1462 respiciunt

265 1503 275 1515 1.
282 1503 301 1515 De
307 1503 341 1515 urie
349 1503 456 1516 emullariorum
464 1507 475 1515 vA
484 1503 522 1518 inira,
529 1503 552 1515 111.
