1308 1835
189 205 238 224 1316]
391 213 413 224 ΑΒ
430 213 483 224 Anno
500 213 617 225 ncczxxxvi
634 213 702 227 osori-2
717 212 743 224 An
760 212 831 224 fumuit
847 212 920 223 necet..
1093 211 1122 227 191

188 248 269 265 inveniat
285 248 394 271 exemplaria
410 253 501 271 corrupta.
518 249 547 266 illa
564 249 628 266 offerat
644 249 717 272 publice
734 255 795 266 coram
812 252 883 265 rectore
900 251 919 265 et
932 248 1088 270 procuratoribus,
1105 253 1124 266 ut

189 281 297 304 exemplaria
310 282 432 304 corrigantur,
446 285 464 298 et
478 282 578 298 stationarii
591 282 622 304 qui
636 282 676 299 talia
690 281 758 303 locant,
769 282 840 305 judicio
854 281 983 299 Universitatis
997 281 1095 304 puniantur
1106 285 1122 298 et

189 314 291 331 scolaribus
302 314 399 330 emendare
409 317 503 336 cogantur.

234 347 277 364 item
288 350 367 370 quatuor
376 350 429 364 erunt
439 347 520 369 deputati
532 353 564 369 per
577 347 716 364 Universitatem
729 348 821 365 annuatim
834 348 857 364 ad
869 347 964 365 taxandum
976 347 1040 368 libros„
1051 350 1068 364 et
1078 347 1123 364 nulli

189 380 242 396 liceat
251 383 311 397 taxare
321 380 386 400 libros,
400 380 435 396 nisi
449 379 486 396 illis
499 383 577 402 quatuor
589 379 618 396 vel
632 379 705 396 duobus
717 380 790 397 illorum
803 380 826 397 ad
835 380 895 397 minus
906 380 1022 403 presentibus
1036 383 1053 397 et
1063 384 1124 397 taxan-

190 413 247 433 tihus;
262 416 279 430 et
292 413 308 430 si
321 413 358 429 duo
372 413 458 429 absentes
473 418 535 429 eorum
549 412 586 428 sint
598 412 627 429 vel
641 418 688 429 unus
702 412 775 433 absens,
791 416 857 429 tantum
872 413 960 436 percipiet
975 416 1061 436 quantum
1076 413 1123 430 atius

189 451 266 469 presens
276 449 294 463 et
304 449 372 467 taxans,
383 445 420 463 nisi
430 445 529 468 requisitus
539 445 561 462 ad
572 445 667 462 taxandum
677 445 740 462 venire
751 446 868 463 recusaverit.

234 480 284 499 [tem.
301 479 315 496 si
332 479 425 501 contingat
438 478 497 495 dictos
512 481 602 495 taxatores
616 478 645 495 vel
660 484 724 495 eorum
738 478 809 501 aliquos
824 478 866 495 duci
881 479 902 495 ad
919 479 996 502 aliquam
1015 480 1122 496 taxationem

189 511 288 529 faciendam
299 517 332 534 per
341 511 420 534 aliquem
430 511 484 528 alium
495 511 518 528 de
528 511 615 533 librariis,
624 514 694 528 tantum
705 511 794 534 percipiet
802 511 833 528 ille
843 511 909 528 ductor
918 515 1004 534 quantum
1018 518 1066 529 unus
1076 516 1124 529 taxa-

189 548 256 565 torum3
268 548 285 562 et
299 544 314 561 si
329 544 392 567 plures
403 544 471 562 suerint
483 545 576 565 ductores,
587 548 673 567 quantum
685 544 708 561 ad
721 544 857 567 perceptionem
870 544 930 561 salarii
941 550 1006 562 omnes
1017 544 1058 562 loco
1069 545 1123 562 unius

189 577 295 595 habeantur.

235 611 278 627 Item
292 610 355 627 nullus
368 610 454 628 librarius
465 611 496 627 alii
510 611 584 628 librario
597 611 664 628 vendat
675 611 749 632 librum,
765 610 800 628 nisi
813 610 864 633 prius
878 610 932 627 suerit
946 616 978 633 per
991 614 1068 633 quatuor
1082 610 1122 627 dies

189 643 262 666 publice
275 643 369 666 expositus
383 643 484 660 venditioni
496 644 545 667 apud
557 644 639 665 fratres‘,
651 644 688 661 nisi
701 644 724 661 de
736 644 829 661 voluntate
838 643 868 661 vel
878 644 896 660 iu
910 643 1002 667 presentia
1012 643 1121 664 venditoris,

189 682 223 693 nee
231 676 285 693 alicui
296 676 326 693 alii
336 676 411 693 absente
422 676 523 698 venditore,
535 677 571 693 nisi
581 677 600 693 in
610 677 701 700 presentia
711 677 790 694 duorum
800 677 873 694 testium
884 677 919 694 {ide
929 677 1034 700 dignorum.

235 710 278 726 Item
289 709 367 732 quilibet
375 709 462 726 librarius
472 710 573 732 requisitus
582 715 615 732 per
624 710 738 727 venditorem
748 709 777 727 vel
786 715 818 733 per
825 709 903 733 aliquem
912 710 934 727 de
942 710 1033 733 deputatis
1042 713 1124 727 teneatur

189 742 250 759 dicere
261 748 327 759 nomen
338 742 426 765 emptoris
436 745 454 759 et
464 742 542 765 pretium
552 742 601 762 libri,
612 746 630 759 et
640 746 739 766 emptorem
751 743 848 760 ostendere
858 743 874 759 si
884 743 939 760 fuerit
949 743 1054 766 requisitus,
1064 747 1081 760 et
1089 743 1123 760 hoc

189 778 231 798 post
240 775 370 792 venditionem⁴

234 809 277 825 Item
293 808 356 825 nullus
369 808 473 825 admittatur
487 808 509 825 ad
524 808 603 825 officium
617 808 694 828 librarii,
709 808 745 824 nisi
760 808 821 825 habito
834 808 938 825 testimonio
950 808 1076 831 deputatorum
1090 814 1123 826 sue

189 841 287 862 fidelitatis,
303 845 322 858 et
335 841 374 858 data
388 841 471 858 cautione
485 844 556 858 centum
570 841 657 858 librarum
672 841 767 863 parisiens.
784 841 806 857 de
820 841 950 863 respondendo
962 841 1041 858 fideliter
1053 841 1076 858 ‹le
1088 841 1123 858 sibi

188 874 298 892 commissis.

233 908 276 924 Item
291 907 326 930 ipsi
341 910 419 930 quatuor
431 907 512 930 deputati
527 907 627 929 inquirent,
642 910 662 924 ut
677 907 694 923 si
710 907 751 929 quis
767 913 803 924 non
816 907 888 929 juratus
904 910 963 924 utatur
978 907 1038 923 officio
1053 907 1123 924 librarii

188 940 216 958 vel
227 940 334 962 stationarii=
345 944 363 957 et
375 940 453 957 habeant
466 943 574 963 potestatem
587 940 671 963 capiendi
683 940 761 963 pignora
773 946 810 957 non
821 940 922 962 juratorum
934 940 1022 957 utentium
1036 940 1123 963 predictis

187 973 251 993 officiis
262 977 279 990 et
289 979 309 990 ea
320 977 425 996 presentare
435 979 495 990 eoram
507 973 629 990 Universitate
642 973 661 990 in
674 974 755 996 proxima
767 973 910 997 congregatione
920 973 1008 996 generali⁴
1020 974 1042 990 Et
1051 974 1067 991 si
1079 973 1123 990 dicti

188 1006 268 1028 deputati
283 1006 301 1022 in
320 1006 355 1023 hiis
371 1006 484 1028 exequendis
498 1007 590 1023 serviente
604 1006 705 1029 indigeant,
720 1006 797 1029 quilibet
812 1006 894 1024 servieus
910 1006 1038 1024 Universitatis
1050 1008 1123 1029 juratus

188 1039 279 1055 tenebitur
293 1045 325 1061 per
336 1039 458 1061 juramentum
473 1045 526 1055 suum
541 1039 612 1056 abstare
625 1039 659 1060 eis,
672 1042 690 1056 et
702 1039 781 1056 officium
795 1045 848 1056 suum
862 1039 919 1062 gratis
933 1042 951 1056 et
963 1040 1004 1057 sine
1017 1039 1122 1057 difficultate

188 1072 301 1094 impendere,
311 1072 328 1088 si
337 1072 392 1088 fuerit
402 1077 434 1094 per
445 1077 508 1088 eorum
517 1071 596 1094 aliquem
606 1072 714 1094 requisitus⁴

233 1105 276 1121 Item
285 1104 348 1121 nullus
356 1110 392 1121 non
397 1105 469 1126 juratus
477 1104 542 1121 habeat
549 1104 627 1127 aliquem
636 1104 702 1121 librum
710 1104 793 1121 venalem
801 1105 847 1121 ultra
855 1105 934 1122 valorem
943 1105 1006 1122 decem
1014 1105 1122 1126 solidorum,

189 1143 221 1154 nec
232 1137 266 1154 sub
277 1140 324 1154 tecto
335 1137 402 1154 sedeat.

233 1171 277 1187 Item
288 1169 365 1193 quilibet
370 1170 456 1187 librarius
467 1174 484 1187 et
494 1170 611 1187 stationarius
618 1170 694 1193 jurabit,
702 1170 751 1193 quod
762 1170 819 1187 dictas
828 1170 960 1192 ordinationes,
969 1174 1059 1193 quatenus
1069 1171 1091 1188 ad
1101 1177 1121 1188 se

189 1203 272 1225 pertinet,
284 1203 396 1224 observabit,
407 1207 424 1220 et
434 1203 449 1220 si
459 1203 534 1220 sciverit
545 1203 624 1226 aliquem
637 1203 660 1220 de
672 1203 726 1220 dictis
738 1203 802 1220 officiis
816 1204 862 1220 dicte
874 1204 1002 1221 Universitatis
1012 1204 1123 1221 ordinationi

188 1236 321 1257 contravenire,
333 1236 363 1253 vel
376 1236 454 1259 aliquem
468 1236 490 1253 ad
502 1236 581 1259 inopiam
594 1242 677 1259 vergere,
691 1236 735 1253 illud
750 1236 837 1254 revelabit
849 1236 878 1253 veI
890 1237 967 1253 revelari
980 1237 1033 1254 saciet
1046 1237 1123 1254 Univer-

188 1269 242 1285 sitati.

233 1301 304 1323 Quibus
317 1302 390 1324 quidem
404 1302 476 1319 statutis
489 1308 499 1318 a
514 1302 567 1319 nohis
581 1302 607 1319 sic
620 1302 716 1322 ordinatis„
730 1305 748 1319 et
761 1302 832 1319 demum
847 1308 894 1319 anno
908 1302 980 1319 Domini
994 1302 1058 1319 MCCC
1070 1306 1121 1319 sexto

189 1334 266 1355 decimo,
280 1334 310 1351 die
322 1334 393 1351 sabbati
405 1338 446 1351 ante
456 1335 522 1351 festum
534 1335 581 1351 beati
593 1335 663 1351 Nicolai
673 1334 755 1357 hyemale
765 1335 846 1351 Parisius
858 1335 906 1357 apud
916 1335 1001 1351 Sanctum
1012 1335 1121 1351 Maturinuin

188 1367 207 1384 in
221 1370 283 1384 nostra
297 1367 441 1390 congregatione
455 1368 537 1390 generali
547 1371 590 1385 tunc
602 1368 648 1384 inihi
661 1368 711 1389 saeta,
726 1373 786 1384 coram
799 1367 852 1384 nobis
865 1373 920 1390 super
933 1367 968 1384 hiis
979 1373 1011 1390 per
1023 1368 1121 1384 discretum

188 1400 245 1417 virum
257 1401 363 1423 magistrum
372 1401 445 1417 Petrum
453 1401 547 1423 Apostoli’
556 1401 578 1417 de
589 1401 676 1421 Parisius,
686 1404 728 1417 tunc
739 1404 801 1417 nostre
812 1400 939 1417 Universitatis
949 1403 1044 1420 rectorem.
1054 1400 1122 1417 vocatis

189 1436 206 1449 et
221 1433 341 1455 personaliter
356 1433 504 1455 comparentibus
520 1433 631 1450 stationariis
645 1436 664 1449 et
679 1432 759 1449 librariis
773 1432 901 1454 infrascriptis,
916 1433 1002 1449 videlieet
1016 1433 1083 1449 Thouria
1099 1432 1121 1448 de

189 1465 288 1487 Malbodio,
299 1465 382 1482 ,Iohanne
395 1466 470 1482 Britone
482 1465 526 1482 alias
541 1465 564 1482 (le
579 1466 644 1482 Sancto
659 1464 722 1484 Paulo,
735 1464 804 1481 Thoina
817 1465 927 1481 Norinanno.
941 1464 1029 1480 Gatisridu
1040 1464 1120 1480 Britone.
