1308 1835
151 204 183 222 146
356 223 360 227 ,
437 214 597 225 crnwrunmun
615 214 710 225 uruvnns.
727 214 792 226 rnms.
1034 209 1084 228 [1310

150 268 206 287 686.
218 273 288 291 Maffiseer
299 273 385 287 mancinus
395 273 475 287 Carmei-²12¹
484 273 565 291 Robmum,
575 274 635 287 suit-‘ae
645 278 696 291 regem,
704 276 749 292 rogat,
761 276 776 287 ιιι
784 275 804 291 fr.
812 275 869 287 Petram
879 274 898 288 ae
906 274 967 292 Narnia,
978 274 1012 288 0711.
1022 275 1082 289 Eum-⁴1.

193 298 208 311 s.
216 298 298 315 Augustini,
307 298 366 311 obtenta
372 298 387 311 ιη
393 298 466 315 theologia
473 298 536 316 licentia,
545 298 615 312 mmmm
621 298 688 311 Parim:
695 298 743 312 nain
747 299 829 316 permutat.

777 342 857 357 ἐυρ-1310.
864 342 940 360 [nm-m.

193 383 272 401 Domino
286 389 328 405 suo,
343 384 417 401 domino
435 383 526 405 R[0herto]
543 384 577 401 Dei
593 384 651 407 gratia
666 383 780 401 Jherusalem
795 387 812 401 et
827 384 888 401 Sicilie
901 383 1028 401 illustrissimo
1044 385 1083 407 regi

150 417 257 434 Franciscus
267 417 381 438 Caracolus',
390 423 431 434 cum
439 420 522 440 prompte
530 417 634 434 obedientie
643 417 711 439 debito,
719 421 738 434 et
745 417 810 434 devote
818 417 984 434 recomendationis
991 417 1083 439 instantia,

150 450 244 468 minimum
254 450 273 467 id
282 450 332 473 quod
343 454 376 468 est.
387 451 406 468 Si
415 451 479 474 regina
488 451 538 472 Saba,
548 451 617 468 celebri
624 451 670 468 sama
680 451 781 468 Salomonis
792 451 859 472 audita,
869 454 887 468 et
896 450 985 468 immense
995 450 1083 474 sapientie

150 484 224 501 veritate
234 484 302 507 majore
315 484 360 501 satis
370 484 458 508 divulgati
468 484 491 501 de
504 484 534 501 illa
547 484 626 501 rumoris
635 484 744 507 loquacitate
754 487 846 507 conperta,
859 484 921 501 beatos
930 484 981 501 viros
991 487 1009 501 st
1019 490 1083 501 servos

151 517 229 534 asseruit
236 517 319 540 ejusdem
327 518 435 541 conspectui
443 512 477 541 pro
485 517 602 540 suscipiende
610 517 703 534 fructuose
711 517 794 534 doctrine
802 517 877 534 comodo
886 517 994 534 assistentes
1003 523 1007 534 :
1017 517 1084 534 debent

150 550 219 574 singuli
230 550 293 567 mundi
306 554 388 568 rectores
401 554 419 567 et
432 550 532 573 principes,
547 550 601 567 debet
616 553 633 566 et
647 550 732 567 universa
746 550 828 566 fidelium
841 550 937 567 multitudo
953 553 1002 567 tanto
1018 550 1083 567 fortius

149 584 229 601 vestros¹
244 583 355 607 regnicolas,
369 586 386 600 et
400 583 445 600 alios
458 586 519 600 vestro
531 583 596 600 ditioni
610 583 711 606 subjectos,
723 583 757 600 hos
769 583 855 606 precipue
868 589 915 606 quos
928 583 1014 606 specialis
1026 583 1083 600 vestri

150 617 263 640 prerogativa
273 616 341 634 favoris
352 616 447 639 amplioris
458 616 549 640 priw'legii
561 616 619 640 gratia
629 616 664 633 sihi
675 616 786 634 domesticos
800 620 817 634 et
830 616 928 634 familiares
944 616 1007 640 elegit,
1019 617 1083 634 felices

150 650 168 667 in
177 650 210 667 hac
223 650 290 673 regalis
300 649 356 667 vestri
368 649 443 666 dominii
453 650 532 667 nov-itate
542 655 625 671 censere,
636 653 703 673 quanto
714 650 777 673 nupsit
785 650 804 667 in
815 649 868 667 vobis
881 650 908 667 illi
920 650 975 673 longe
986 650 1084 673 dispariter

149 683 196 700 clare
210 683 331 706 intelligentie
343 682 423 704 castitas,
436 686 454 700 et
466 683 562 706 prudentie
574 689 609 706 que
622 683 700 706 principi
713 683 786 706 propria
798 683 856 701 virtus
868 687 897 700 est
907 683 1007 706 singularis
1020 683 1084 700 obser-

149 716 208 733 vantia
220 716 308 739 pudicitie
319 716 430 739 conjugalis,
442 719 462 733 ut
473 716 511 733 vias
525 722 560 739 que
571 722 581 733 a
593 716 660 733 destris
674 719 721 737 sunt,
735 719 804 740 absque
816 716 946 733 sinistrationis
959 716 1083 739 obliquatione

149 753 239 770 tenentes,
254 749 271 766 ei
287 749 344 766 debiti
358 749 418 766 cultus
433 749 519 773 placeatis
533 749 629 773 obsequio,
645 750 661 767 ei
677 753 714 767 toto
728 750 789 767 cordis
804 750 903 767 inhereatis
917 750 989 771 affectu,
1004 750 1035 773 qui
1050 756 1083 772 pro

150 782 227 800 mirabili
238 783 352 806 providentie
363 789 397 800 sue
406 786 459 804 nutu,
469 789 517 799 nunc
527 788 584 806 regna
593 783 694 804 stabiliens,
706 789 753 800 nunc
764 783 861 804 divellens,
870 789 948 806 regnare
961 783 991 800 dat
1000 783 1083 806 reffl’bus,

150 819 167 833 et
176 815 290 839 principibus
300 816 397 839 imperare.
410 816 432 832 In
443 821 521 839 quorum
533 822 609 833 numero
620 822 649 833 me
660 816 704 833 licet
715 816 785 833 meritis
796 816 897 837 minimum,
907 822 940 839 pro
951 819 1012 833 vesu-e
1023 819 1084 833 tamen

149 849 273 866 benivolentia
287 855 363 866 munere
377 849 487 872 quandoque
501 855 538 866 non
556 849 645 866 minorem
662 855 772 872 agnoscens,
789 849 888 872 majestatis
902 852 963 866 vestre
978 849 1084 866 celsitudini

149 882 242 899 humiliter
255 883 346 905 supplico,
360 886 380 899 ut
393 882 452 899 eidem
466 882 521 899 michi
534 883 557 899 ad
570 889 604 900 vos
619 883 638 899 in
652 882 754 900 devotionis
770 883 873 906 integritate
887 882 917 905 qui
930 882 963 903 fui,
978 889 998 899 ne
1012 882 1028 899 si
1041 885 1083 899 voto

149 916 206 933 virtus
221 919 316 937 annueret,
330 919 401 939 promto
414 916 507 933 notificare
522 916 624 939 obsequiis,
638 916 687 939 quod
700 919 790 933 secretum
804 916 852 939 gerit
866 919 884 933 et
896 916 977 933 abditum
990 916 1083 933 interioris

150 949 245 966 electionis
255 949 354 971 occultum,
362 950 460 966 accedente
469 955 529 972 nuper
537 949 587 970 licet,
594 952 615 966 ut
624 955 679 972 spero
689 949 771 971 firmiter,
778 952 866 966 consuete
875 949 972 966 clementie
983 952 1001 966 et
1011 949 1084 966 affabili-

150 983 190 1000 tatis
202 982 225 999 ad
237 982 296 1000 honos
310 983 408 1000 radicatum
418 982 437 999 in
450 982 502 1000 vobis
515 982 571 1000 robur
582 982 655 999 minime
665 982 760 1000 vellicante
773 982 814 1000 novi
828 985 885 999 status
895 982 975 1005 fastigio,
986 982 1037 999 illum
1051 988 1083 1000 vos

150 1015 235 1033 exhibere
249 1016 356 1039 dignemini,
372 1016 424 1039 cujus
441 1022 478 1033 non
491 1016 551 1033 minus
567 1015 634 1033 absens
648 1022 701 1039 quam
714 1021 791 1038 presens
804 1016 830 1039 pii
842 1015 952 1039 presentiam
965 1016 1047 1033 numinis
1064 1015 1084 1033 in

150 1049 253 1066 continuata
269 1049 366 1072 magnifice
380 1049 511 1066 beneficiorum
527 1049 648 1066 subventione
663 1049 744 1072 percepi.
762 1049 894 1072 Supplicationi
909 1048 952 1066 huic
968 1055 1007 1066 non
1023 1049 1083 1066 minus

150 1088 171 1099 ex
184 1082 246 1104 corde,
256 1088 311 1105 quam
322 1083 363 1105 ejus
375 1088 410 1105 que
423 1082 493 1100 veritati
505 1082 609 1105 congaudet
621 1082 700 1105 benigne
713 1082 793 1099 caritatis
806 1082 880 1105 inpulsu
893 1082 935 1105 quia
947 1086 1018 1104 teneor,
1032 1088 1084 1099 reve-

150 1119 212 1133 renter
221 1119 326 1137 annectens,
338 1119 357 1132 ut
367 1115 450 1138 religiosi
459 1116 494 1133 viri
503 1116 564 1132 fratris
573 1116 621 1132 Petri
632 1115 655 1132 de
665 1116 747 1137 Narnia¹,
759 1115 860 1139 cappellani
869 1116 926 1132 vestri
936 1115 1005 1136 dilecti,
1018 1121 1038 1132 ac
1048 1115 1083 1132 mei

150 1149 250 1172 spiritualis
259 1149 279 1165 iu
288 1149 363 1166 Christo
374 1149 476 1166 educatoris
488 1152 505 1166 et
514 1149 570 1172 patris
581 1149 665 1171 (hominis
675 1149 744 1172 utique,
755 1155 809 1172 quem
819 1152 872 1172 prout
883 1149 949 1165 melius
959 1149 1083 1172 experimento

150 1182 233 1203 novistis,
245 1182 353 1205 exemplaris
364 1188 434 1199 morum
444 1182 539 1204 modestia,
551 1182 615 1199 celibis
624 1182 661 1199 vite
672 1182 763 1203 sanctitas,
774 1185 792 1199 et
802 1182 898 1199 eminentis
909 1182 986 1199 scientie
997 1182 1084 1199 notabilis

150 1215 228 1237 habitus,
244 1215 349 1238 eloquentie
363 1219 458 1233 venustate
472 1216 557 1237 decorus,
573 1221 605 1233 sua
620 1215 707 1232 concordi
720 1219 739 1233 et
752 1218 803 1238 grata
817 1216 903 1233 societate
918 1216 1051 1237 commendant,
1067 1219 1085 1232 et

151 1248 226 1271 dignum
243 1248 344 1271 magisterii
360 1254 441 1271 congrua
458 1249 562 1266 senioribus
579 1249 664 1266 cathedra
678 1249 727 1266 socia
743 1248 854 1265 exultatione
870 1249 988 1272 proclamant)
1003 1249 1084 1272 pensatis

150 1281 272 1299 laudabilibus
285 1281 356 1298 actibus
371 1281 491 1304 honestisque
504 1282 605 1303 laboribus,
621 1282 688 1305 quihus
703 1288 735 1305 pro
752 1282 836 1298 mercede
852 1282 946 1305 gloriosus
962 1285 992 1299 est
1007 1282 1083 1303 fruetus,

151 1314 267 1332 excellentie‘
278 1318 339 1332 vestre
351 1315 381 1337 pie
393 1315 466 1338 largiri⁸
476 1310 586 1338 complaceat,
598 1318 617 1332 ‚u
628 1319 701 1339 optenta
715 1315 733 1332 in
743 1315 835 1339 theologia
845 1315 928 1337 licencia,
939 1315 1021 1332 lecturus
1034 1316 1084 1332 Pari-

150 1348 189 1366 sius
199 1348 267 1370 redeat,
279 1351 296 1365 et
306 1348 346 1365 aliis
357 1348 440 1365 docendo
450 1348 577 1369 communicet,
589 1354 624 1371 que
634 1348 713 1365 discenti
723 1348 758 1365 sibi
767 1354 800 1372 pro
807 1348 877 1366 viribus
886 1348 947 1366 studio
955 1352 998 1366 sunt
1006 1354 1084 1366 commu-

151 1382 208 1399 nicata
227 1382 328 1399 doctorum.
347 1382 376 1399 Sic
398 1382 445 1399 enim
467 1382 528 1399 virtuti
549 1382 625 1399 honoris
642 1388 709 1399 corona
725 1388 762 1399 non
782 1382 846 1403 deerit7
864 1385 882 1399 et
899 1382 988 1405 sapientie
1004 1382 1084 1405 pretiosa

151 1415 245 1438 possessio
258 1416 340 1438 jocunda
356 1416 391 1432 sibi
407 1415 541 1439 quamplurium
555 1415 691 1438 participatione
704 1416 797 1432 reddetur.
810 1415 903 1438 Siquidem
918 1419 963 1432 teste
979 1415 1050 1437 Boetio,
1064 1415 1085 1432 fit

150 1448 245 1466 amabilior
258 1455 300 1465 cum
317 1449 336 1466 in
352 1455 448 1466 commune
466 1449 562 1466 deducitur
578 1449 617 1472 ipsa
634 1449 735 1472 speculatio
750 1449 837 1470 veritatis,
854 1455 889 1472 que
904 1449 948 1466 alias
962 1449 1084 1465 taciturnitate

150 1487 255 1505 conpressa,
265 1482 385 1505 jamjamque
396 1482 469 1499 silentio
479 1482 565 1505 peritura,
577 1482 630 1499 latins
643 1482 768 1503 efflorescens⁷
779 1482 802 1498 ab
812 1482 910 1499 oblivionis
921 1482 996 1499 interitu
1006 1488 1084 1501 commu-

212 1511 227 1523 19
