1308 1835
159 216 192 234 244
449 223 610 235 anRTULARItnt
626 223 721 235 nuivsns.
740 224 804 235 ranis.
1044 217 1092 236 [1321

160 259 275 282 parrochiani
287 266 324 277 non
337 263 433 277 teneantur
448 260 530 277 confiteri
545 260 690 282 mnnia,peccata
706 266 738 277 sua
750 260 807 277 semel
820 260 838 276 in
852 266 899 277 anno
915 260 989 283 proprio
1003 260 1092 277 sacerdoti

160 299 214 316 quom
224 293 269 310 dicit
278 298 319 310 esse
331 293 461 315 parrochialem
472 296 560 314 curatum,
569 293 624 309 immo
635 299 669 309 nec
679 293 728 310 Deus
737 296 800 315 posset
809 293 843 310 hoc
854 293 920 314 facere⁷
928 293 976 315 quia,
985 296 1005 309 ut
1015 293 1092 314 dicebat,

160 326 240 348 implicat
259 326 428 343 contradictionem.
452 326 522 347 Tertio,
539 326 588 349 quod
604 328 648 349 papa
669 332 705 342 non
724 329 785 349 potest
801 326 843 343 dare
863 326 966 349 generalem
985 329 1092 349 potestatem

160 359 246 376 audiendi
263 359 399 380 consessiones,
416 359 471 376 immo
488 365 521 376 nec
540 360 590 376 Deus
609 359 652 382 quin
672 359 768 376 consessus
787 359 861 376 habenti
879 359 983 382 generalem
1002 359 1092 376 licentiam

160 396 242 409 teneatur
256 392 320 409 eadem
335 392 400 409 iterum
416 392 498 409 confiteri
513 398 547 410 suo
560 392 635 416 proprio
648 392 745 414 sacerdoti,
759 398 812 416 quem
827 392 870 409 dicit
883 398 930 413 esse,
944 395 964 409 ut
976 392 1092 415 premittitur,

159 425 291 449 parrochialem
306 426 404 443 curatum!
418 426 456 443 Nos
469 425 526 449 igitur
540 426 587 443 scire
600 426 684 443 volentes
698 426 713 443 si
726 429 813 449 suggesta
826 425 879 443 nobis
890 425 983 443 veritatem
997 425 1092 447 haberent,

159 459 276 476 articulorum
290 459 422 482 premissorum
435 459 505 482 copiam
518 459 577 476 eidem
590 460 677 483 magistro
686 459 765 477 Johanni
776 459 853 476 fecimus
863 459 959 482 assignariv
970 462 988 476 et
997 458 1020 476 ad
1030 458 1093 476 desen-

159 493 230 509 sionem
243 493 272 509 sui
283 493 393 510 audientiam
406 493 478 516 plenam
491 493 526 516 sibi
539 493 652 516 prebuimus,
664 493 728 509 tamin
739 496 800 509 nostra
810 496 828 509 et
837 493 927 509 dictorum
937 493 1011 509 fratrum
1022 496 1092 509 nostro·

159 532 199 542 rum
212 526 303 548 presentia
316 526 335 543 in
350 526 466 546 consistorio,
483 532 535 548 quam
551 525 595 542 alias
609 531 670 542 eoram
686 525 778 548 aliquibus
792 531 813 542 ex
826 525 872 548 ipsis
887 526 973 542 fratribus
983 532 1016 548 per
1026 531 1060 542 nos
1070 525 1092 542 ad

159 559 265 582 hujusmodi
276 559 385 582 deputatis³.
398 559 466 576 Verum
479 558 522 575 lieet
535 558 616 581 prefatus
629 558 716 581 magister
728 558 787 575 dictos
799 558 886 575 articulos
896 562 914 575 et
923 562 1008 575 contenta
1017 558 1037 575 in
1046 558 1092 581 ipsis

159 592 258 609 defendere
268 592 363 613 niteretur,
374 591 468 609 asserebat
481 595 539 608 tamen
550 597 570 608 se
581 595 661 614 paratum
672 592 747 609 credere
758 595 775 608 et
785 595 847 609 tenere
857 592 875 608 in
888 592 983 614 premissis
994 595 1012 609 et
1021 592 1062 608 aliis
1072 598 1092 609 ea

158 631 194 648 que
208 625 299 642 credenda
313 628 332 642 et
346 625 424 642 tenenda
438 631 481 642 esse
495 625 550 642 sedes
564 625 664 648 apostolica
678 625 770 642 diffiniret
788 626 825 642 Nos
842 625 898 648 igitur
914 625 1029 642 attendentes
1043 625 1092 648 quod

159 658 248 675 dictorum
262 658 380 675 articulorum
397 658 481 679 assertio,
498 658 599 681 predicatio
614 661 632 675 et
645 658 728 675 doctrina
742 658 845 675 redundare
861 661 945 681 poterant
962 658 981 675 in
996 658 1092 675 multarum

157 691 257 715 perniciem
273 691 380 713 animarum,
395 691 447 715 ipsos
463 697 496 714 per
513 691 575 715 plures
589 691 687 715 magistros
704 692 723 709 in
739 692 832 715 theologia
848 692 946 709 examinari
959 692 1037 709 fecimus
1051 691 1093 709 dili-

158 728 229 748 genter.
246 725 284 742 Nos
298 725 334 748 ipsi
351 725 403 742 etiam
419 731 460 742 cum
477 725 530 742 dictis
545 725 632 742 fratribus
648 725 717 742 nostris
734 725 874 742 collocutionem
892 725 978 742 solertem
995 725 1092 742 habuimus

159 764 214 781 super
224 758 275 781 ipsis,
287 764 320 781 per
330 764 375 781 quas
389 759 461 781 quidem
475 758 615 775 collocutionem
626 761 644 775 et
654 758 804 775 examinationem
817 764 873 782 super
882 758 917 775 hoc
929 758 1033 782 prehabitas
1043 765 1092 775 com-

158 792 239 814 perimus
254 792 355 814 premissos
369 792 457 808 articulos
472 792 573 809 doctrinam
586 798 623 808 non
638 798 699 809 sunam
714 792 747 809 sed
762 792 883 815 periculosam
899 791 976 809 multum
989 798 1009 809 ac
1020 792 1092 809 veritati

158 824 266 841 contrariam
280 825 382 846 continere,
396 831 443 847 quos
458 825 511 842 etiam
526 825 613 842 articulos
627 831 691 842 omnes
705 828 724 842 et
737 825 822 848 singulos
836 825 884 842 idern
899 825 986 848 magister
1000 825 1092 842 Johannes

158 858 207 875 veris
220 858 256 875 sibi
270 858 373 875 rationibus
388 858 471 881 opinioni
485 864 518 875 sue
533 858 602 875 dudum
615 858 676 875 habite
692 858 788 875 contrariis
802 858 931 875 demonstratis
946 858 964 875 in
981 858 1092 875 consistorio

159 891 257 912 revocavit,
267 897 354 908 asserens
366 897 387 908 se
398 891 475 908 eredere
486 897 518 908 eos
531 898 568 908 non
579 897 641 912 veros,
654 891 688 908 sed
699 891 781 914 ipsorum
794 892 904 908 contrarium
916 897 979 908 verum
993 897 1040 913 esse,
1051 898 1092 908 cum

159 924 234 946 diceret,
244 930 265 941 se
276 924 349 941 nescire
362 924 465 941 rationibus
476 924 511 941 sibi
522 925 574 942 factis
584 925 603 941 in
612 925 723 941 contrarium
733 924 852 947 respondere⁴
863 925 944 947 Ideoque
957 931 979 942 ne
990 931 1023 948 per
1033 931 1093 941 asser-

158 958 233 979 tionem,
244 957 388 981 predicationem
398 961 417 974 et
429 957 529 975 doctrinam
542 958 647 981 hujusmodi
660 958 679 974 in
690 964 777 979 errorem,
788 958 838 980 quod
848 958 901 979 absit⁷
912 958 972 975 anime
981 958 1092 981 simplicium

159 991 283 1014 prolabantur,
296 997 361 1008 omnes
375 990 468 1014 predictos
482 991 568 1008 articulos
581 994 600 1008 et
612 991 712 1014 quemlihet
725 991 830 1008 eorumdem
845 995 929 1014 tanquam
942 991 999 1008 salsos
1011 995 1029 1008 et
1042 997 1093 1008 erro-

159 1030 204 1041 neos
219 1027 238 1041 et
251 1030 260 1041 a
274 1024 357 1041 doctrina
374 1024 426 1041 sana‘
444 1024 508 1042 devios
525 1025 631 1041 auctoritate
647 1024 747 1048 apostoliea
764 1024 882 1047 dampnamus
899 1028 917 1042 et
933 1024 1053 1048 reprobamus
1069 1024 1092 1041 de

159 1058 233 1075 fratrum
244 1058 322 1075 consilio
336 1057 466 1081 predictorum,
480 1057 580 1075 doctrinam
594 1058 640 1081 ipsis
654 1057 761 1075 contrariam
772 1063 832 1075 veram
845 1063 886 1075 esse
899 1061 917 1075 et
926 1057 1032 1075 catholicam
1045 1063 1092 1075 asse-

160 1095 228 1112 rentes,
241 1097 282 1108 eum
294 1091 322 1108 illi
335 1091 366 1114 qui
380 1091 468 1114 predictis
482 1091 569 1108 fratribus
583 1091 693 1108 confitentur
708 1097 745 1108 non
758 1091 817 1114 magis
834 1095 929 1108 teneantur
942 1091 1005 1108 eadem
1020 1094 1092 1114 peccata

159 1125 224 1142 iterum
243 1124 325 1141 confiteri
346 1130 399 1147 quam
418 1124 433 1141 si
452 1124 497 1141 alias
512 1124 542 1141 illa
557 1125 636 1141 confessi
653 1125 732 1141 fuissent
747 1130 810 1141 eorum
827 1124 901 1147 proprio
923 1125 1023 1145 sacerdoti,
1041 1125 1092 1147 juxta

160 1158 227 1175 dictum
237 1158 340 1175 Concilium
354 1157 446 1181 generale*
457 1157 546 1180 Optantes
559 1161 618 1174 autem
631 1158 712 1175 veritatis
725 1158 763 1175 vias
778 1161 829 1174 notas
842 1163 883 1174 esse
896 1157 981 1174 fidelibus
992 1161 1010 1174 et
1022 1158 1092 1174 cunctis

160 1191 253 1208 erroribus
267 1191 376 1214 precludere
390 1191 458 1207 aditum
472 1197 494 1207 ne
508 1191 618 1212 subintrent,
631 1191 655 1208 fe.
668 1197 694 1208 re.
704 1191 804 1208 Alexandri
818 1191 843 1208 lV
855 1194 873 1207 et
884 1191 985 1208 Clementis
996 1191 1020 1208 IV
1030 1191 1093 1208 Roma-

160 1230 224 1241 norum
242 1224 349 1247 pontificum
366 1224 518 1247 predecessorum
537 1227 641 1241 nostrorum
659 1224 737 1247 vestigia
755 1224 851 1245 imitando,
869 1224 961 1241 universis
977 1227 996 1241 et
1013 1224 1092 1247 singulis

159 1257 260 1275 districtius
272 1258 378 1275 inhibemus
391 1263 414 1274 ne
427 1257 523 1280 quisquam
534 1257 594 1274 dictos
603 1257 690 1274 articulos
700 1263 732 1280 per
742 1263 783 1279 nos,
796 1261 816 1274 ut
828 1257 943 1280 premittitur,
956 1257 1062 1280 dampnatos
1075 1261 1093 1274 et

160 1291 212 1308 etiam
225 1291 340 1314 reprobatos,
353 1291 383 1308 vel
398 1294 482 1308 contenta
498 1291 517 1307 in
532 1290 559 1307 eis
573 1290 678 1313 vel.aliquo
692 1290 775 1313 ipsorum
789 1294 851 1314 utpote
866 1297 875 1307 a
890 1290 984 1307 catholicis
999 1290 1092 1307 mentibus

160 1324 262 1347 respuenda
276 1327 339 1341 tenere
352 1324 417 1341 audeat
431 1330 464 1341 seu
477 1323 576 1341 defendere
590 1323 728 1346 quomodolibet
741 1329 774 1340 seu
787 1324 859 1341 docere⁴
875 1324 964 1346 Quocirca
978 1323 1092 1341 universitati

159 1361 220 1375 vestre
231 1363 263 1381 per
276 1357 376 1380 apostolica
388 1357 454 1381 scripta
465 1357 547 1374 districte
560 1357 678 1381 precipiendo
688 1357 794 1374 mandamus
807 1357 892 1380 quatinus
904 1357 986 1374 universi
996 1360 1014 1373 et
1024 1356 1092 1380 singuli

159 1394 239 1409 vestrum
253 1391 272 1408 in
284 1391 387 1408 civitatibus
401 1394 418 1407 et
431 1391 537 1408 diocesibus
549 1386 616 1408 vestris
629 1394 727 1408 convocato
740 1391 789 1408 clero
800 1391 920 1408 communiter
932 1391 1021 1413 premissa
1032 1391 1091 1407 omnia

159 1428 176 1441 et
190 1424 263 1447 singula
279 1430 312 1447 per
324 1430 358 1441 vos
373 1430 406 1441 seu
417 1424 464 1441 alios
480 1424 588 1441 solemniter
601 1424 705 1447 publicetis.
723 1424 760 1441 Nos
776 1424 823 1441 enim
839 1424 897 1441 eidem
911 1424 999 1447 magistro
1014 1423 1091 1441 Johanni

159 1458 283 1475 mandavimus
297 1458 348 1480 quod
361 1457 402 1480 ipse
414 1457 434 1474 in
447 1457 503 1474 scolis
516 1461 534 1474 et
546 1457 565 1474 in
581 1463 665 1475 sermone
681 1457 760 1474 Parisius
776 1457 868 1480 predictos
881 1457 967 1474 articulos
980 1461 997 1474 et
1007 1460 1091 1474 contenta

158 1491 177 1507 in
187 1491 214 1508 eis
224 1494 308 1514 tanquam
320 1490 392 1508 veritati
405 1490 494 1507 contraria
509 1491 583 1514 proprie
595 1491 647 1508 vocis
659 1491 732 1508 oraculo
743 1494 761 1507 et
770 1490 905 1507 asseveratione
915 1490 1005 1507 constanti
1018 1490 1091 1513 publice
