1308 1835
210 208 260 227 1342]
411 215 435 226 ΑΒ
451 215 505 227 Amin
521 215 639 227 ncczxxxvi
656 215 722 229 usqum:
737 214 762 225 An
779 213 849 225 Annum
865 213 936 225 mecon.
1107 211 1139 227 531

210 251 275 268 scolari
286 251 366 268 Parisius
377 255 429 272 emat,
440 251 476 268 nisi
486 251 571 274 primitus
580 251 635 268 suerit
644 254 726 274 portatus
736 251 809 274 publice
819 257 852 274 per
859 253 937 273 quatuor
946 250 986 267 dies
997 250 1014 267 in
1025 251 1141 267 sermonibus

209 284 258 307 apud
270 285 335 301 fratres
346 288 364 301 et
372 284 475 301 venditioni
486 284 580 307 expositus
593 288 611 301 et
622 287 708 301 ostensus
721 284 825 308 petentibus
835 284 884 301 omni
893 284 957 301 fraude
968 287 1034 306 annom
1048 284 1071 301 ita
1081 287 1141 301 tamen

210 318 260 340 quod
271 318 287 335 si
299 316 376 335 scolaris
385 318 415 334 vel
424 317 512 340 magister
523 317 630 340 compulsus
641 318 751 335 necessitate
763 321 838 341 propter
850 324 942 335 recessum
952 317 982 335 vel
994 317 1038 335 alias
1050 323 1087 335 non
1098 323 1141 340 pos-

209 354 251 368 sent
261 354 328 368 tantum
341 354 442 373 expectare,
453 350 476 367 de
486 356 578 367 consensu
591 350 669 367 rectoris
679 350 814 372 Universitatis,
824 351 856 374 qui
866 351 901 368 erit
910 357 942 374 pro
955 355 1043 374 tempore,
1054 351 1140 374 magister

209 384 238 401 vel
251 384 327 401 scolaris
342 387 427 407 poterunt
437 383 495 400 libros
509 383 597 405 vendere,
609 383 655 400 sacta
669 383 704 400 fide
720 383 742 400 de
757 389 849 401 consensu
863 384 940 401 rectoris
952 390 984 407 per
999 384 1097 407 signetum,
1111 386 1139 405 [et]

209 417 280 434 librarii
290 420 376 440 poterunt
386 422 446 434 emere
456 416 514 434 libros
524 417 565 434 sine
574 417 609 434 hoc
619 416 668 440 quod
678 416 697 433 in
707 417 823 434 sermonibus
831 420 955 440 apportentur.

254 451 305 472 Item,
316 450 365 474 quod
375 450 438 468 nullus
447 451 554 468 intromittet
565 456 584 468 se
597 450 619 467 de
629 450 720 467 taxatione
729 450 818 467 librorum
828 456 902 474 quoquo
911 451 966 468 modo
978 451 1014 469 nisi
1024 454 1098 469 vocatus
1108 457 1140 474 per

208 484 288 507 aliquem
297 484 320 501 de
329 484 461 507 principalibus
468 484 541 507 juratis.

254 518 305 539 nem,
316 517 365 541 quod
375 518 445 535 ratione
455 517 498 535 libri
507 518 537 535 vel
545 517 642 539 librorum,
653 523 662 534 a
672 517 766 535 venditore
777 517 864 540 magistro
875 517 904 534 vel
915 517 981 534 scolari
994 517 1050 535 nichil
1061 518 1140 541 exigent,

209 557 242 568 nec
253 551 275 568 ab
286 554 367 574 emptore
377 555 417 568 actu
427 551 513 568 studente
522 551 603 568 Parisios
612 551 661 568 ultra
670 554 748 574 quatuor
757 550 843 568 denarios
853 550 876 567 de
885 550 938 572 libra,
948 554 967 567 et
975 550 999 567 ab
1008 551 1098 568 extraneis
1109 556 1141 568 sex

209 584 300 601 denarios.

254 618 305 638 Item,
316 618 365 641 quod
376 618 445 635 nullum
455 621 527 641 pactum
537 618 604 635 facient
612 624 646 641 per
656 624 675 635 se
687 618 715 635 vel
726 624 759 641 per
768 617 830 638 alium,
841 617 909 634 directe
919 617 948 634 vel
961 617 1056 638 indirecte,
1066 617 1089 634 de
1098 617 1140 634 vino

208 651 315 674 recipiendo
328 651 375 668 ultra
387 651 406 668 id
417 651 467 674 quod
480 651 502 668 ab
516 651 637 668 Universitate
650 654 678 668 est
690 654 775 673 taxatum,
788 657 821 668 nec
832 651 928 668 occasione
940 651 1014 673 majoris
1024 650 1053 668 vel
1064 650 1141 667 minoris

208 684 262 707 pretii
272 690 304 707 pro
315 690 378 701 eorum
387 685 430 702 vino
441 684 529 701 librorum
539 684 621 701 venditio
631 684 724 701 differatur
734 690 808 707 quoquo
818 684 878 701 modo.

254 718 298 735 Item
307 717 329 735 de
338 718 454 735 stationariis
459 718 472 739 ⁵,
483 718 532 740 quod
542 718 652 740 exemplaria
662 724 697 740 que
707 717 781 739 habent,
791 720 835 734 sunt
843 723 886 734 vera
896 721 914 734 et
923 721 1004 734 correcta
1014 723 1047 741 pro
1057 723 1118 740 posse.

253 751 305 772 Item,
316 751 365 774 quod
379 757 412 774 pro
425 750 560 773 exemplaribus
572 751 620 768 ultra
631 751 651 768 id
660 751 710 774 quod
721 751 743 767 ab
753 751 876 768 Universime
885 754 964 768 taxatum
973 754 1008 773 est,
1019 757 1056 768 non
1068 751 1142 774 exigent

208 790 218 801 a
228 784 320 807 magistris
330 784 359 801 vel
369 784 478 801 scolaribus⁴

253 818 304 839 Item,
315 817 364 840 quod
378 823 411 840 pro
423 817 558 840 exemplaribus
568 817 590 834 ab
600 817 723 835 Universitate
735 823 773 834 non
785 818 849 835 taxatis
862 818 908 835 ultra
917 818 989 841 justum
1001 821 1019 835 et
1028 817 1141 835 moderatum

208 851 294 868 salarium
303 856 342 868 non
351 851 431 874 exigent.

253 885 304 905 Item,
315 876 364 907 qnod
374 890 411 901 non
421 884 553 907 attemptnbunt
562 884 631 907 aliquid
641 884 679 901 doli
689 884 719 901 vel
727 884 797 901 fraudis
807 884 854 902 circa
865 884 943 902 officium
956 890 1008 901 suum
1022 884 1070 901 unde
1083 884 1142 907 possit

208 917 325 935 studentibus
336 918 410 940 aliquod
419 917 548 935 detrimentum
559 918 639 935 evenire.

254 952 305 973 Item,
318 951 368 974 quod
380 951 458 974 quilibet
469 951 534 968 haheat
543 951 623 968 tabulam
633 951 657 968 de
665 957 777 974 pergameno
787 951 873 974 scriptam
886 951 906 968 in
915 951 963 968 bona
972 951 1032 969 littera
1042 955 1060 968 et
1069 954 1142 974 patente

209 985 286 1008 positam
295 985 319 1001 ad
327 985 433 1006 fenestram,
442 985 460 1001 in
471 991 505 1007 qua
515 985 581 1008 scripta
592 985 629 1002 sint
638 985 698 1002 omnia
708 985 817 1008 exemplaria
827 984 894 1008 quibus
904 985 961 1002 utitur
968 988 986 1002 et
995 991 1030 1007 que
1040 985 1080 1008 ipse
1088 985 1142 1002 habet

208 1024 250 1035 cum
260 1018 321 1041 precio
332 1018 428 1035 taxationis
438 1024 507 1035 eorum.

253 1052 304 1072 Item,
318 1051 334 1068 si
348 1051 426 1068 habeant
438 1051 498 1074 aliqua
511 1051 620 1074 exemplaria
633 1057 671 1068 non
685 1055 748 1073 taxata,
761 1057 781 1068 ea
794 1057 831 1068 non
843 1051 1008 1073 communicabunt,
1022 1051 1080 1069 donec
1094 1051 1142 1068 dicte

209 1084 326 1102 Universitati
338 1084 397 1102 ohlam
407 1084 475 1101 fuerint
485 1090 518 1101 seu
528 1088 592 1101 mxata.

253 1119 304 1139 Item,
316 1118 365 1141 quod
379 1118 415 1141 ipsi
428 1118 517 1135 librorum
531 1118 602 1135 utilium
612 1124 646 1141 pro
656 1117 718 1135 studio
731 1118 857 1141 cujuscunque
870 1117 960 1135 facultatis
969 1117 1079 1141 exemplaria
1088 1121 1143 1141 prout

207 1151 274 1168 melius
284 1155 301 1168 et
316 1152 370 1169 citius
384 1155 476 1174 poterunt,
492 1151 616 1175 procurabunt
626 1151 648 1168 ad
658 1151 774 1168 commodum
784 1151 897 1168 studentium
907 1155 925 1168 et
935 1151 1082 1168 stationariorurn
1091 1151 1142 1168 utili-

209 1188 269 1202 tatem.

254 1219 305 1241 ltem7
316 1219 366 1242 quod
376 1219 391 1236 si
402 1219 496 1242 contingat
505 1219 554 1241 quod
564 1219 643 1236 habeant
652 1218 713 1241 aliqua
722 1218 832 1241 exemplaria
842 1224 895 1239 nova,
906 1224 927 1235 ea
936 1224 972 1235 non
983 1218 1142 1236 communicabunt

210 1258 242 1269 nec
256 1258 290 1275 pro
307 1252 375 1275 seipsis
389 1258 423 1269 nec
438 1258 471 1276 pro
485 1252 532 1274 aliis,
548 1252 606 1269 donec
621 1252 688 1269 suerint
705 1252 803 1275 approbata
817 1258 849 1275 per
864 1252 1011 1273 Universitatem,
1026 1255 1107 1269 correcta
1123 1255 1142 1270 et

209 1289 272 1303 taxam-

253 1319 305 1340 Item,
316 1319 366 1342 quod
376 1325 413 1336 non
425 1319 505 1337 vendent
519 1325 552 1336 seu
564 1319 669 1336 alienabunt
679 1319 787 1342 exemplaria
802 1324 834 1336 sua
848 1319 889 1336 sine
903 1324 995 1336 consensu
1005 1319 1140 1336 Universitatis.

254 1352 273 1369 Si
282 1358 325 1369 vero
337 1352 437 1369 stationarii
446 1356 509 1369 eontra
520 1352 656 1375 prenominatos
666 1352 752 1369 articulos
760 1352 789 1369 vel
799 1352 877 1375 aliquem
888 1358 951 1369 eorum
959 1352 1027 1375 aliquid
1037 1356 1142 1375 attemptare

209 1386 355 1409 presumpserint
368 1391 402 1403 seu
413 1386 567 1407 contravenerim,
581 1392 590 1403 a
602 1392 636 1403 suo
651 1386 710 1403 officio
722 1386 746 1403 sit
756 1386 787 1402 ille
800 1386 831 1409 qui
840 1386 875 1403 hoc
887 1386 952 1403 fecerit
960 1386 1031 1403 alienus
1042 1386 1115 1409 penitus
1124 1389 1143 1403 et

210 1420 290 1443 privatus
300 1425 358 1443 usque
368 1419 391 1436 ad
401 1419 542 1437 satisfactionem
553 1419 662 1443 condignam
674 1422 691 1436 et
701 1419 835 1436 revocationem
845 1419 979 1437 Universitatis.

253 1453 330 1470 Nomina
340 1459 383 1471 vero
393 1453 509 1470 librariorum
520 1456 537 1470 et
546 1453 694 1470 stationariorutn
702 1452 733 1476 qui
740 1453 848 1476 juraverunt
858 1456 901 1470 sunt
909 1452 943 1470 hec
953 1453 1044 1470 :Thomas
1054 1452 1076 1469 de
1085 1453 1142 1470 Seno-

210 1487 246 1508 nis‚
259 1486 358 1504 Nicholaus
373 1487 396 1504 de
410 1487 504 1508 Branchis,
520 1486 612 1504 Johsnnes
625 1486 700 1507 Vnchet¹
715 1486 807 1503 Johannes
825 1486 877 1504 Parvi
890 1486 986 1509 Anglicus,
998 1485 1109 1503 Guillelmus
1118 1485 1142 1503 de
