1308 1835
135 215 168 233 278
424 221 585 233 crun'rtvzanium
601 221 697 233 umvsns.
717 221 782 233 ranis.
1020 215 1070 234 [1325

135 272 192 292 835.
204 277 265 295 Quidam
274 278 327 295 smum
338 277 371 290 Ora,
379 277 432 290 maed.
438 281 516 295 prutenus
522 276 587 295 papam
594 278 644 290 comm
651 276 722 294 quosdam
729 277 844 290 Mediouzmnses
851 277 914 290 Parni-i,
919 277 999 296 pumicum.

735 320 772 336 1325,
779 320 839 333 ‹lunum-fi
844 320 864 336 13,
870 320 927 334 Pamin.

180 358 200 374 In
216 358 249 374 Dei
261 358 337 374 nornine
349 363 408 374 amen.
422 357 510 374 Noverint
523 357 604 374 universi
618 363 694 380 presens
708 357 847 374 instrumentum
859 357 952 380 publicum
962 357 1069 380 inspecturi,

135 390 185 413 quod
194 396 242 407 anno
252 396 261 407 a
272 391 368 407 Nativitate
378 390 447 408 Christi
459 390 557 407 millesimo
569 391 698 408 trecentesimo
712 391 799 408 vicesimo
807 391 878 413 quinto,
889 390 989 407 indictione
1000 394 1069 412 octava,

135 424 203 441 mensis
217 424 297 441 Ianuarii
308 424 338 440 die
347 424 385 446 xiij,
397 424 512 446 pontificatus
523 424 632 441 sanctissimi
643 424 661 441 in
672 424 745 442 Christo
755 424 811 447 patris
822 428 840 441 et
851 424 921 441 domini
930 424 989 441 nostri
1000 423 1070 440 domini

134 457 222 474 Johannis
237 457 297 474 divina
312 457 428 480 providentia
441 464 487 481 pape
501 458 553 475 XXII
567 464 616 475 anno
629 464 686 479 nouo,
701 457 811 475 venerahilis
826 461 843 475 et
857 457 956 481 religiosus
972 457 1001 475 vir
1015 457 1070 474 frater

135 491 199 507 Petrus
210 491 232 508 de
243 490 302 507 Palma
312 491 387 508 Ordinis
398 491 472 508 fratrum
483 491 625 512 Predicatorum„
636 491 751 507 hachelarius
761 491 780 507 in
789 491 898 514 theologia',
908 491 1005 514 deputatus
1015 494 1049 508 tarn
1060 496 1070 508 a

134 524 236 541 reverendo
247 527 296 547 patre
307 524 381 541 domino
393 538 404 541 .,
413 524 447 541 Dei
458 524 515 547 gratia
526 524 613 546 episcopo
623 523 731 540 Parisiensi'
742 529 795 546 quain
805 524 858 541 etiarn
868 524 891 541 de
900 524 985 541 mandato
995 524 1070 547 speciali

135 570 146 573 ..
161 557 278 580 provincialis
291 558 377 574 Francie'
392 557 468 574 Ordinis
482 556 582 580 supradicti
595 562 651 580 super
663 556 786 580 publicatione
801 562 921 580 processuum
934 557 1038 574 habitorum
1052 560 1071 574 et

134 590 222 607 factorum
232 597 265 613 per
276 591 353 607 eundem
365 590 499 607 sanctissimum
509 593 579 613 patrem
587 594 649 607 contra
657 590 773 611 Galeaceum,
781 590 881 611 Marchum,
890 590 991 607 Luchinum
999 593 1017 607 et
1024 590 1070 607 alios

135 623 184 641 filios
193 624 284 646 quondam
295 624 392 646 dampnate
402 623 490 640 memorie
500 623 566 640 Mathei
578 623 599 640 de
610 623 753 640 Vicecomitibus
764 623 786 640 de
796 623 900 640 Mediolano
909 623 1001 640 hereticos
1013 623 1070 640 mani—

134 657 192 674 festos
202 660 221 674 et
229 657 252 673 de
262 656 304 673 labe
313 656 407 679 pravitatis
416 656 498 673 heretice
507 656 641 673 sententialiter
651 656 800 679 condempnatos<
809 657 830 673 ln
839 656 906 679 quibus
914 656 988 679 quidem
996 663 1071 679 proce&

134 690 187 707 sibus
196 690 313 707 continentur
324 693 375 706 certe
388 690 507 706 remissiones
521 693 538 706 et
551 689 664 713 indulgentie
678 695 711 712 per
725 690 784 712 ipsum
799 689 892 706 dominum
905 696 968 712 papam
983 695 1070 707 concesse

134 723 202 740 Christi
214 726 232 740 et
241 723 319 740 ecclesie
329 722 415 739 fidelibus
426 729 445 739 ac
456 723 499 739 fidei
509 722 596 740 catholice
607 723 701 746 negotium
711 723 867 745 prosequentibus
876 726 938 740 contra
949 723 1008 740 dictos
1018 722 1071 739 here-

135 756 181 773 ticos
194 759 213 773 et
225 762 288 773 eorum
301 757 381 773 fautores
397 759 414 773 et
428 756 550 777 auxiliatores,
561 756 663 776 valitores‘,
675 762 763 779 sequaces
779 759 796 773 et
810 756 880 773 eisdem
893 756 1008 773 adherentes.
1020 756 1070 773 Idem

134 789 190 806 frater
199 790 263 806 Petrus
276 790 297 806 de
308 789 369 806 Palma
378 790 489 806 constitutus
499 789 603 812 specialiter
613 792 687 812 propter
697 789 732 806 hoc
744 789 763 806 in
776 789 853 806 eeclesia
865 789 913 806 beati
923 789 1011 806 Mcderici
1021 789 1071 806 Pari-

135 823 202 839 sieusis
213 823 256 839 hora
266 823 318 845 quasi
328 823 385 845 prima
394 822 415 839 ad
424 829 476 845 quarn
485 826 595 840 convenerat
602 822 665 845 populi
674 822 733 839 fidelis
743 823 840 839 multitudo
881 823 887 831 ⁵
903 823 968 839 Actum
979 823 997 839 in
1008 822 1071 839 eadem

135 856 213 873 ecclesia
227 856 276 873 beati
289 856 385 876 Mederici,
401 855 518 878 presentibus
532 855 670 873 venerabilibus
687 859 705 873 et
720 856 806 873 discretis
820 856 865 873 viris
879 856 971 878 magistris
988 855 1070 872 Iohanne

134 889 211 910 Marine,
222 889 323 906 Guillermo
338 889 360 906 de
374 890 463 910 Morsent,
472 889 557 906 Arroddo
570 889 657 906 canonico
671 889 753 912 ejusdem
769 889 852 910 ecclesie,
867 889 968 906 Guillermo
981 889 1003 906 de
1017 889 1071 906 Briti-

134 922 206 945 gniaco,
218 922 284 946 Egidio
297 922 364 940 clerico
377 922 453 945 capelle,
467 922 555 945 Magistro
567 922 648 939 Roberto
660 922 683 939 de
696 923 801 946 Quesneyo,
814 922 933 939 familiaribus
947 922 990 939 dicti
1002 922 1071 939 domini

135 956 218 978 episcopi
234 956 349 977 Parisiensis,
368 955 455 979 magistro
471 955 554 973 Iohanne
571 956 594 973 de
611 956 699 977 Brueriis,
717 956 787 973 notario
804 955 885 979 publico,
902 961 974 972 necnon
991 955 1071 972 dominis

135 989 233 1005 Laurentio
244 989 331 1005 canonico
342 988 424 1011 ejusdem
435 988 513 1006 ecclesie
524 989 584 1006 Sancti
591 988 686 1010 Mederici,
695 989 770 1006 Daniele
778 979 895 1010 deffiarisins,
904 989 983 1012 Symone
990 988 1070 1010 Andrea,

134 1022 233 1045 capellanis
247 1022 342 1045 perpetuis
354 1022 374 1039 in
387 1021 450 1039 eadem
464 1022 548 1043 ecclesia,
559 1021 651 1045 stephano
664 1022 740 1045 Malpas.
752 1022 843 1039 Bertaudo
857 1022 880 1039 de
893 1022 936 1039 Hala
949 1025 966 1039 et
980 1021 1070 1039 Gentiano

134 1055 221 1076 Tristani=
232 1055 304 1072 civibus
314 1055 456 1076 Parisiensssous,
468 1055 546 1072 testibus
556 1055 578 1072 ad
588 1055 622 1072 hec
631 1055 700 1072 vocatis
711 1055 814 1078 specialiter
824 1059 842 1072 et
852 1055 927 1078 rogatis.

180 1089 250 1105 Deinde
260 1092 279 1106 et
287 1089 391 1105 immediate
402 1089 464 1105 eadem
479 1088 508 1105 die
521 1088 631 1106 venerabilis
645 1089 708 1105 doctor
717 1095 769 1106 sacre
779 1088 878 1112 theologie,
889 1089 975 1106 videlicet
985 1088 1071 1112 magister

134 1122 199 1139 Petrus
214 1122 235 1138 de
250 1122 317 1139 Palude
331 1122 408 1145 predicti
422 1122 497 1138 Ordinis
511 1122 586 1139 fratrum
596 1122 739 1143 Predicatorum,
752 1122 771 1138 in
782 1122 868 1145 hospitali
878 1128 926 1139 novo
936 1122 996 1138 Sancti
1009 1121 1071 1139 Jacobi

135 1161 192 1178 prope
204 1159 274 1178 portam
286 1155 335 1172 beati
347 1155 431 1178 Dyonisii
443 1155 541 1172 parisiens.
555 1155 599 1172 hora
612 1161 647 1178 qua
659 1155 784 1172 celebrabatur
797 1155 865 1172 ibidem
874 1155 932 1177 major
942 1155 997 1172 missa
1010 1155 1071 1178 predi-

134 1194 178 1205 cans
196 1188 272 1205 verbum
291 1188 374 1205 div-inum
393 1188 442 1205 fideli
462 1188 530 1211 populo
549 1188 568 1205 in
587 1188 661 1211 eopiosa
680 1188 797 1205 multitudiue
815 1188 861 1205 inihi
882 1191 993 1211 congregato
1012 1188 1071 1205 dictos

134 1228 240 1244 processus,
249 1222 369 1239 remissiones
378 1225 396 1238 et
405 1221 530 1245 indulgentias
540 1225 558 1238 et
567 1225 626 1238 cetera
634 1222 652 1238 in
661 1222 730 1238 eisdem
739 1224 823 1238 contenta
831 1221 949 1244 processibus
957 1221 979 1238 de
988 1221 1071 1239 mandato

135 1255 179 1272 dicti
189 1255 307 1277 provincialis
316 1255 397 1278 dictique
407 1255 476 1272 domini
488 1255 569 1277 episcopi
579 1255 688 1271 Parisiensis
699 1255 764 1271 astanti
774 1255 841 1277 populo
852 1255 954 1272 solenniter
963 1255 1071 1272 articulatim

135 1291 154 1305 et
163 1288 246 1305 studiose
256 1288 275 1304 in
285 1288 347 1311 lingua
358 1288 448 1305 mater-11:1⁸
459 1287 544 1311 exposuit
551 1294 570 1304 ac
580 1287 635 1307 etiam,
641 1287 746 1311 publicavit,
755 1287 867 1304 exhortando
877 1288 964 1311 populum
972 1288 1071 1304 affectuose

135 1327 191 1344 super
207 1321 260 1338 tantis
279 1321 418 1339 remissionibus
435 1325 454 1338 et
469 1321 590 1344 indulgentiis
608 1314 730 1344 acquirendis,
746 1321 775 1338 cui
789 1321 908 1344 publicationi
925 1324 943 1338 et
961 1321 1071 1344 expositioni

135 1360 199 1372 omnes
208 1357 286 1371 astantes
297 1357 365 1371 attente
375 1358 393 1371 et
403 1358 508 1372 reverenter
519 1360 571 1372 suum
582 1354 695 1378 prebuerunt
705 1354 792 1371 auditum.
803 1354 867 1371 Actum
875 1354 943 1371 ibidem
954 1354 1071 1377 presentibus

135 1388 179 1405 dicti
192 1388 261 1405 domini
274 1388 356 1413 episcopi
369 1388 489 1405 familiaribus
501 1391 520 1405 et
531 1388 619 1411 magistro
631 1388 714 1405 ,Iohanne
724 1388 746 1405 de
757 1388 839 1405 Brueriis
849 1388 959 1411 supradictis
969 1391 988 1405 et
996 1387 1071 1405 Nicolao

135 1421 152 1438 le
168 1421 252 1444 Loqueti,
269 1420 353 1444 Philippo
371 1421 393 1437 de
407 1421 505 1442 Corneliis,
521 1421 591 1438 civibus
605 1421 747 1442 Parisiensibus,
762 1421 815 1438 Petro
833 1421 855 1438 de
872 1421 969 1442 Bruxellis,
984 1421 1072 1444 magistro

135 1454 216 1471 Roberto
229 1455 251 1471 de
264 1454 342 1475 Sanctis,
356 1453 438 1471 Jolianne
454 1454 476 1471 de
489 1454 653 1475 Centummicihus,
668 1455 745 1477 Symone
758 1454 780 1471 de
794 1455 859 1471 Sancto
868 1454 975 1476 Benedicta⁷
988 1454 1073 1477 Philippo

135 1488 264 1505 Moustarderii
275 1491 292 1505 et
302 1479 436 1511 pluribusaliis
446 1487 468 1504 ad
478 1487 512 1504 hec
522 1488 591 1504 vocatis
601 1487 680 1504 testibus
690 1491 710 1504 et
718 1487 794 1510 rogatis.
