1308 1835
155 188 187 209 612
446 194 604 206 cnamunaniun
621 195 715 206 univiras.
734 196 798 206 ranis.
1037 190 1086 208 [1347

199 231 226 248 30.
240 231 293 253 Quod
306 230 367 248 divina
380 231 460 248 essentia
472 234 532 254 potest
545 236 586 248 esse
599 237 621 248 ex
634 237 653 248 se
666 231 705 248 sola
715 231 798 248 formalis
809 231 902 248 beatitudo
913 232 979 248 mentis
991 235 1057 253 create,
1068 232 1086 249 id

155 268 189 285 est,
199 265 247 282 visio
257 268 275 281 et
284 264 346 281 fruitio
357 265 404 287 ejus,
411 264 436 281 ita
446 264 494 287 quod
504 270 542 281 non
553 264 651 287 requiritur
661 264 729 287 aliquid
740 264 775 281 nisi
786 264 869 281 divinitas
880 268 898 281 et
907 265 946 287 ipsa
956 265 1043 286 essentia,
1051 271 1086 287 que

155 301 184 315 est
192 304 244 315 mens
254 301 320 319 creata,
332 301 351 314 ut
360 298 400 320 ipsa
409 303 461 314 mens
471 298 495 314 sit
504 298 561 314 beata.

199 331 226 347 31.
240 331 293 353 Quod
308 334 404 354 ponentes¹
419 334 439 348 ut
453 331 573 347 communiter
588 334 666 352 tenetur,
682 331 731 354 quod
746 331 852 352 intellectio,
867 331 940 351 volicio,
954 331 1035 347 sensntio
1050 331 1086 347 sint

155 364 251 386 qualitates
266 364 367 387 subjective
380 364 479 381 existentes
494 364 512 381 in
526 364 591 385 anima,
601 370 646 387 quas
656 365 706 381 Deus
718 368 779 387 potest
791 370 852 381 creare
865 370 885 381 se
897 364 936 381 solo
948 367 965 381 et
975 370 1044 387 ponere
1054 364 1085 380 ubi

155 397 200 418 vult,
211 397 278 414 habent
290 403 360 420 ponere
374 403 406 414 seu
420 398 528 419 concedere¹
539 397 588 420 quod
601 398 651 414 Deus
663 403 684 414 se
696 397 736 414 solo
748 401 809 420 potest
821 398 886 418 faeere=
897 397 946 420 quod
958 397 1016 414 anima
1027 397 1086 414 odiret

155 431 256 453 proximum
267 434 285 447 et
295 431 352 447 Deum
357 431 370 440 ²²
380 437 417 448 non
427 431 542 448 demeritorie
552 431 591 453 (28),

198 465 226 481 32,
240 464 293 486 Quod
307 465 357 482 Deus
370 468 431 488 potest
443 471 485 482 esse
499 470 552 481 causa
565 464 675 481 antecedens
688 470 765 481 causans
778 465 840 481 odium
851 465 868 481 in
881 468 940 481 mente
953 468 1019 481 creata*
1033 465 1085 486 Quod

156 503 207 515 mens
215 493 268 514 etiaim
277 497 368 515 habituata
376 498 424 515 dono
434 498 492 520 gratie
500 503 536 514 non
544 501 604 520 potest
612 491 633 514 ex
642 503 661 514 se
668 498 720 514 odire
729 498 792 518 Deum,
801 501 819 514 et
827 498 853 514 sic
863 501 892 514 est
898 498 921 514 de
929 498 992 514 facto¹'
1000 497 1084 514 voluntas

155 531 188 547 Dei
198 531 300 548 necessitas
310 531 420 548 antecedens
431 537 484 547 omne
494 534 593 554 peccatum.

198 564 226 581 33,
240 564 293 586 Quod
303 565 353 581 Deus
363 567 392 581 est
401 570 454 581 causa
464 564 566 587 aliqualiter
575 567 626 581 actus
636 564 748 581 demeritorii
758 567 778 581 ut
787 564 915 581 demeritorius
926 567 954 581 est
961 564 1019 586 (29]¹*.

199 598 226 614 34.
240 598 264 615 Et
277 598 326 620 quod
339 598 388 614 Deus
402 601 430 614 est
441 603 495 614 causa
506 597 575 620 peccati
586 601 605 614 ut
615 600 708 620 peccatum
720 600 754 619 est,
765 603 798 614 seu
808 597 850 614 mali
862 598 915 621 culpe
927 601 946 614 ut
956 597 1022 614 malurn
1032 597 1086 620 culpe

155 631 195 653 (30),
206 634 224 648 et
232 634 295 648 auctor
306 631 375 654 peccati
384 634 404 648 ut
413 634 505 654 peccatum
517 631 608 653 est(33)²‘.

198 665 226 681 35.
240 664 293 686 Quod
305 664 390 681 voluntas
403 667 462 681 ereata
475 664 625 687 qualitercunque
635 667 697 681 causat
707 664 775 687 aliquid
784 670 817 681 seu
827 664 930 687 aliqualiter
938 664 983 688 agit,
993 664 1039 681 illud
1049 664 1086 687 agit

155 703 188 715 seu
198 697 258 715 taliter
267 697 306 721 agit
315 697 381 715 virtute
391 697 449 720 prime
460 703 513 714 cause
522 698 571 720 (31)¹³
582 698 673 715 moventis
683 701 701 714 et
711 698 737 715 sie
747 698 844 715 causantis.

198 732 226 748 36.
240 731 293 753 Quod
303 732 352 748 Deus
363 734 391 748 est
403 736 457 748 causa
469 730 567 754 cujuslibet
577 731 643 748 modi*
653 734 704 748 actus
714 734 731 748 et
743 731 841 754 cujuslibet
852 731 988 748 circumstantie
998 731 1086 754 producte

155 765 188 787 (34)
198 764 227 781 vel
237 765 322 787 adjuncte
332 765 351 781 in
361 768 408 785 actu,
419 770 455 787 quo
466 764 507 787 quis
518 768 585 787 peecat.
611 783 614 785 Δ

198 798 226 815 37.
237 798 290 820 Quod
300 804 310 815 a
320 798 358 815 Deo
370 801 398 815 est
407 801 426 814 ut
436 801 486 815 actus
497 798 625 815 demeritorius
635 798 659 815 sit
668 798 774 821 inquantum
785 798 913 815 demeritorius
923 799 962 820 (35).

198 832 226 849 38.
240 831 293 853 Quod
307 832 357 848 Deus
372 835 401 848 est
414 831 490 848 maxima
504 837 558 848 eausa
571 835 589 848 et
601 831 703 849 immediata
719 831 825 855 privationis
837 831 908 854 justitie
922 832 940 848 in
954 834 994 848 actu
1006 832 1040 855 (32)
1053 837 1086 848 sen

155 865 277 882 difformitatis
287 865 305 881 in
316 869 362 882 actu*

198 899 226 915 39.
239 898 293 920 Quod
303 898 354 915 nullo
365 898 418 915 modo
427 904 478 915 mens
489 901 547 915 creata
556 898 607 915 aliter
618 898 703 922 dirigitur
711 904 720 915 a
728 899 766 915 Deo
774 904 807 915 seu
817 898 869 915 aliter
878 898 967 915 animatur
976 898 999 915 ad
1009 904 1086 921 operan-

155 932 197 949 dum
208 937 240 949 seu
252 931 350 949 volendum
358 932 415 954 juste,
425 937 478 954 quam
486 931 508 948 ad
518 931 616 948 volendum
627 931 657 948 vel
666 931 778 954 operandum
789 937 825 948 nun
833 932 889 954 juste,
901 932 936 948 imo
947 931 999 948 etiam
1010 932 1085 954 injuste,

177 978 182 987 n
198 966 226 982 40.
239 965 292 987 Quod
303 968 383 982 creatum
393 965 487 982 arbitrium
498 968 579 982 nostrum
591 964 674 982 habendo
686 964 753 981 donum
762 964 791 982 vel
802 965 888 981 auxilium
898 965 949 982 aliter
960 971 1012 988 quarn
1022 965 1087 982 habeat

155 1001 175 1015 ut
186 998 263 1015 sufficiat
276 998 298 1015 ad
311 998 422 1021 peccandum
435 999 478 1020 (sic),
490 1001 551 1021 potest
563 1001 582 1015 nt
596 998 622 1015 sic
632 998 710 1021 diligere
720 999 778 1015 Deum
788 998 844 1021 gratis
855 1004 911 1021 super
922 999 982 1015 omnia
993 1004 1025 1015 seu
1036 1002 1086 1015 reete

155 1031 230 1054 implere
241 1031 352 1049 voluntatem
362 1032 396 1048 Dei
407 1035 424 1048 et
434 1032 474 1054 ejus
483 1035 574 1054 precepta<

198 1065 226 1081 41,
239 1065 293 1086 Quod
304 1065 328 1081 ita
339 1065 410 1081 infinite
423 1068 442 1081 et
454 1064 558 1081 eternaliter
569 1064 628 1087 placet
637 1070 657 1081 ac
669 1065 723 1081 etiarn
734 1064 809 1082 cuilibet
819 1065 889 1082 infinite
903 1065 983 1088 perfecte
997 1065 1086 1088 dyabolus

155 1101 183 1115 est
195 1098 272 1115 dilectus
290 1098 360 1115 ratione
377 1098 475 1115 voluntatis
487 1099 527 1121 ejus
542 1101 599 1119 actus,
616 1098 647 1121 qui
663 1101 691 1115 est
707 1098 768 1115 odium
782 1098 821 1117 Dei,
835 1099 882 1115 sicut
895 1098 965 1115 infinite
981 1098 1086 1115 eternaliter

154 1131 214 1154 placet
225 1132 263 1148 Deo
275 1135 293 1148 et
303 1131 356 1148 etiam
369 1131 440 1148 infinite
452 1131 532 1154 perfecte
545 1131 624 1148 dilectus
636 1131 742 1154 unigenitus
754 1132 809 1149 Deus⁴

199 1165 226 1181 42Δ
239 1165 293 1187 Quod
302 1165 351 1182 sicut
360 1165 466 1187 unigenitus
477 1165 526 1182 Deus
536 1165 605 1181 infinita
615 1168 633 1181 et
642 1168 704 1181 eterna
714 1165 831 1187 generatione
842 1165 864 1181 ad
874 1165 920 1181 intra
929 1171 961 1181 seu
969 1165 1085 1185 immanente,

155 1204 190 1220 que
210 1201 237 1215 est
252 1197 322 1215 infinite
335 1198 407 1219 dilecta⁷
420 1198 505 1220 producit
519 1198 621 1221 quodlibet,
634 1198 661 1214 sic
676 1198 746 1215 infinita
762 1201 781 1214 et
797 1201 858 1214 eterna
873 1198 991 1220 generatione
1003 1198 1026 1214 ad
1036 1201 1086 1215 extra

155 1236 188 1247 seu
201 1234 313 1252 transeunte,
326 1237 361 1254 que
374 1234 402 1248 est
414 1231 484 1248 infinite
496 1231 568 1252 dilecta,
581 1231 601 1248 iit
612 1231 632 1247 in
644 1231 727 1253 subjecto
740 1231 779 1248 sive
791 1234 881 1248 causatur*

199 1265 226 1281 43.
239 1264 293 1286 Quod
308 1270 344 1281 non
359 1267 388 1281 est
402 1264 478 1281 evidens
492 1264 582 1282 evidentia
599 1264 672 1281 reducta
687 1264 708 1281 ad
723 1264 850 1281 certitudinem
866 1264 919 1287 primi
935 1265 1026 1289 principii,
1042 1265 1086 1288 quin

155 1297 250 1320 quodlibet
263 1297 313 1320 quod
328 1301 356 1315 est
370 1301 433 1320 posset
446 1297 522 1320 produci
536 1297 616 1314 nobilius
630 1298 669 1320 (27).

199 1331 226 1348 44λ
238 1331 292 1353 Quod
301 1331 391 1347 suscitare
401 1334 431 1347 aut
441 1330 532 1348 vivificare
542 1334 624 1348 mortuos
635 1336 668 1348 seu
678 1330 731 1348 etiam
741 1331 903 1348 transubstantiare
912 1337 976 1354 panem
988 1331 1006 1348 in
1017 1330 1086 1348 Christi

154 1370 226 1382 carnem
237 1368 254 1381 et
265 1367 325 1381 cetera
338 1364 403 1381 similia
417 1364 478 1382 divina
488 1370 543 1387 opera
555 1365 592 1382 sint
604 1364 660 1382 rebus
671 1364 736 1381 creatis
750 1364 843 1386 naturalia,
856 1371 892 1382 non
905 1365 966 1388 potius
976 1368 1085 1388 supernatu-

154 1389 197 1415 ralia
210 1401 228 1415 et
240 1398 331 1415 mirabilia
342 1403 397 1420 opera
410 1398 500 1415 altissimi.

198 1432 225 1449 45.
238 1431 292 1454 Quod
306 1437 415 1455 quacunque
429 1434 511 1448 creatura
524 1431 653 1453 demonstrata,
666 1432 700 1449 hec
711 1431 825 1455 [propositio]
839 1435 867 1449 est
882 1437 923 1449 vera
936 1437 940 1448 :
951 1431 984 1448 hec
1001 1431 1084 1454 chymera

153 1465 271 1489 intelligitnr3
286 1465 316 1483 vel
330 1464 364 1482 hec
377 1464 461 1488 chymera
476 1468 536 1488 potest
549 1465 627 1488 intelligi
639 1466 696 1488 (36)¹⁵<
