1308 1835
156 232 189 250 372
447 238 606 250 annrunmutvm
622 238 717 250 tvmvsns.
737 239 801 250 nnis.
1042 233 1090 252 [1331

157 275 281 296 Pentecostes,
292 275 425 292 continuabunt
433 275 462 292 vel
471 275 591 296 continuabit,
601 275 638 292 nisi
648 281 704 298 super
713 275 747 292 hoc
757 275 811 292 fuerit
822 282 854 299 per
866 275 934 293 dictum
945 276 1039 293 dominum
1049 282 1091 293 can-

157 309 251 326 cellarium
262 308 394 331 dispensatum.

203 342 226 358 Et
239 342 335 364 premissis
350 348 387 359 non
401 341 525 363 obstantibus,
541 341 584 359 licet
597 341 671 359 obstare
685 341 800 363 debuissent,
816 341 859 359 dicti
874 342 956 365 magistri
972 342 1091 365 Regfflahius,

158 375 250 392 Johannes
263 375 313 398 Pipe‚
327 375 430 398 Stephanus
442 375 464 392 de
475 375 593 392 Calvomoute
606 379 623 392 et
636 375 738 398 Stephanus
748 375 771 392 de
781 376 864 398 Nogento
878 375 924 392 dicte
934 375 1025 392 facultatis
1035 375 1093 392 medi-

159 408 206 428 cine,
217 408 248 431 qui
261 408 357 431 premissa,
371 412 391 425 ut
399 409 517 431 premittitur,
524 409 627 431 juramenta
638 409 656 426 in
669 415 732 426 eorum
741 408 888 432 promotionibus
897 408 1017 431 corporaliter
1027 408 1093 431 presti-

159 444 220 458 terunt
234 445 251 458 et
260 442 349 463 fecerunt,
364 442 423 458 Deum
436 448 469 465 pre
483 442 542 459 oculis
554 448 591 459 non
606 442 694 459 hahentes
708 442 741 459 sed
754 442 815 465 potius
829 448 902 460 suarum
916 441 981 458 salutis
993 441 1093 458 animarum

160 475 276 492 immemores
286 478 305 492 et
314 481 377 492 eorum
388 475 410 492 ab
420 475 447 492 eis
454 476 599 499 juramentorum
612 475 731 498 prestitorum
742 478 885 498 contemptores,
895 475 1027 496 ordinationes,
1038 474 1094 498 privi-

159 508 207 531 legia
217 511 236 525 et
245 511 310 525 statuta
321 508 370 526 sedis
381 509 481 532 apostolice
491 508 572 531 predicta
583 511 652 525 temere
664 508 785 531 infringentes
795 508 838 525 etin
846 508 879 525 hac
887 511 937 531 parte
947 508 1050 530 molientes,
1062 514 1095 531 per

160 541 228 558 dictum
244 541 338 559 dominum
358 542 485 559 cancellarium
505 541 616 558 sufficienter
633 541 692 558 vocati
708 541 731 558 ad
747 541 880 564 perhibendum
898 541 952 558 fidele
970 541 1093 558 testimonium

160 580 216 598 super
231 575 318 598 magistro
333 574 429 597 Alphonso
444 575 466 591 de
480 574 567 597 Yspania,
581 577 625 591 tunc
639 574 739 591 baccalario
755 574 872 593 licentiando.
887 574 949 591 venire
964 574 1095 591 contumaciter

160 611 316 631 contempserunt.
332 608 376 624 Item
391 613 425 624 nec
439 607 525 630 legerunt
537 613 571 630 per
582 607 629 624 duos
641 613 700 625 annos
711 608 816 628 continuos,
827 613 867 624 cum
880 607 988 630 inceperunt
1000 607 1018 624 in
1029 607 1094 625 artium

159 641 250 662 facultate,
264 647 298 658 nec
312 646 368 663 super
381 640 415 658 hoc
428 647 438 657 a
448 640 556 658 cancellario
570 640 619 658 illius
633 641 721 664 temporis
733 640 825 658 licentiam
837 640 946 662 habuerunt,
956 641 983 658 sic
994 641 1094 664 perjurium

160 680 197 691 non
207 677 236 691 est
245 673 321 691 dubium
331 674 449 691 incurrendo.
462 675 499 691 Nec
510 680 547 691 non
556 674 663 697 magistrum
673 674 788 697 Alphonsum
798 674 821 691 de
830 674 912 697 Yspania
921 674 1022 697 predictum
1033 674 1067 691 rite
1077 677 1095 691 et

160 707 221 724 debite
238 707 350 724 lieentiatum
367 713 400 730 per
417 707 484 724 dictum
502 707 595 724 dominum
612 707 746 728 cancellarium,
762 707 822 724 hahita
837 707 921 730 primitus
938 707 1060 730 depositione,
1075 711 1096 725 ut

161 741 217 758 moris
228 744 262 762 est,
275 740 355 763 plurium
365 741 494 763 magistrorum
506 741 553 758 dicte
563 741 661 762 facultatis,
671 741 797 761 sufficientem,
808 741 883 762 bonum,
896 741 982 757 idoneum
993 744 1011 758 et
1020 741 1095 758 scienti—

160 774 213 791 ficum
229 774 247 790 in
262 774 346 791 facultate
360 774 451 790 medicine
465 777 564 797 repertum,
579 780 613 791 nec
627 780 665 791 non
676 777 695 791 et
709 774 815 797 magistrum
829 774 903 791 Petrum
915 774 938 791 de
950 774 1014 797 Capite
1027 774 1095 797 Stagno

161 807 267 830 magistrum
282 807 330 823 dicte
343 806 433 824 fanultatis
448 806 546 827 medicine,
558 813 591 830 pro
605 813 627 824 eo
641 807 691 830 quod
704 807 763 824 dictus
779 807 865 830 magister
878 807 943 824 Petrus
956 807 979 824 ad
991 807 1095 824 mandatum

161 840 204 857 dicti
217 840 287 857 domini
299 840 410 862 cancellarii,
424 843 444 857 ut
458 843 532 857 tenetur
544 840 592 857 sicut
606 840 636 857 alii
653 840 730 863 predicti
743 840 819 857 obedire
833 840 900 857 virtute
914 846 989 857 suorum
1001 841 1095 863 juramen-

161 876 220 891 torum
235 873 362 896 prestitorum,
374 873 459 896 deposuit
472 879 528 897 super
540 873 613 890 licentia
624 873 667 893 dicti
681 874 763 896 magistri
775 873 865 896 Alphonsi
876 874 924 891 licite
938 877 955 891 et
968 874 1029 891 debite
1041 877 1095 896 prout

161 906 256 924 tenebatur
266 910 285 923 et
294 907 373 924 debehat
382 907 405 923 de
414 907 468 928 facto,
479 907 560 923 indebite
571 910 588 923 et
600 907 667 930 injuste
679 910 741 924 contra
752 907 783 929 jus
793 910 811 924 et
820 907 909 929 justitiam
919 910 1008 930 quatenus
1021 907 1039 923 in
1049 907 1095 930 ipsis

161 940 200 961 fuit,
211 940 328 963 privaverunt
341 943 358 957 et
370 940 451 963 privatos
463 934 621 957 denunciaverunt
633 943 652 957 et
662 946 694 963 pro
708 940 783 963 privat-is
796 943 886 963 reputant,
896 940 964 957 habent
973 943 992 957 et
1002 943 1064 957 tenent
1072 940 1095 957 ab

161 979 224 991 eorum
233 973 334 995 consortio,
345 973 387 990 licet
401 973 492 990 neminem
505 973 576 996 privare
589 973 662 996 possint
671 979 681 990 a
691 979 723 990 sua
734 973 819 990 facultate
830 979 864 990 nee
876 973 899 990 ad
909 973 942 990 hec
952 973 1031 990 habeant
1039 973 1095 990 ullam

161 1010 275 1030 potestatem,
286 1012 326 1023 cum
340 1006 402 1023 nullus
415 1006 491 1023 studens
501 1006 519 1023 in
530 1006 589 1029 aliqua
602 1006 687 1023 facultate
698 1007 779 1023 Parisius
791 1007 850 1029 possit
859 1006 925 1029 privari
936 1006 989 1023 etiam
1000 1010 1095 1029 quantum-

161 1045 238 1063 cumque
252 1040 291 1057 suis
305 1039 400 1057 demeritis
413 1039 536 1063 exigentibus,
551 1039 587 1056 nisi
599 1039 690 1062 judicium
704 1039 832 1057 Universitatis
846 1040 966 1057 intervenerit
977 1043 996 1057 et
1007 1039 1096 1057 solemnis

161 1073 268 1090 deliberatio
279 1079 298 1090 ac
309 1076 395 1090 tracmtus
405 1073 535 1090 Universitatis
544 1073 633 1095 predicte,
644 1072 673 1090 vel
683 1073 758 1090 facultas
768 1072 833 1090 artium
843 1079 878 1096 que
888 1072 928 1090 sola
937 1076 998 1096 potest
1007 1072 1067 1094 talia⁵,
1078 1076 1097 1090 et

161 1106 254 1123 sufficiens
264 1109 352 1129 quaterna
360 1106 432 1123 vocan‘o
440 1106 570 1129 precesserint,
579 1106 605 1123 sic
614 1106 704 1123 turbando
713 1109 730 1123 et
738 1106 844 1129 usurpando
851 1107 899 1129 jura,
908 1109 1023 1129 potestatem,
1031 1106 1095 1129 cogui-

160 1140 228 1156 tionem
244 1143 262 1156 et
274 1139 422 1162 jurisdictionem
437 1139 484 1156 dicte
498 1139 633 1160 Universitatis,
650 1145 684 1156 nec
701 1145 738 1156 non
752 1140 799 1162 jura,
810 1139 965 1162 jurisdictionem,
980 1142 1094 1162 potestatem,

161 1172 254 1190 libertates
263 1176 282 1190 et
290 1173 399 1189 franchisias
412 1172 520 1189 cancellarie
533 1173 642 1198 Pnrisiensis
653 1176 671 1189 et
683 1173 752 1189 domini
764 1172 868 1189 cancellarii
878 1173 968 1195 ejusdem,
978 1175 1065 1195 quantum
1076 1172 1094 1189 in

161 1206 187 1222 eis
201 1206 235 1222 fuit
248 1209 266 1222 et
280 1209 314 1227 est,
324 1206 449 1228 impediendo,
460 1205 560 1222 minuendo
574 1211 606 1222 seu
623 1205 759 1228 restringendo,
777 1205 890 1222 molestando
907 1208 926 1222 et
941 1205 1061 1227 inquietando
1078 1208 1095 1222 et

161 1238 208 1255 dicta
217 1238 314 1262 privilegia
323 1239 375 1256 sedis
384 1239 484 1261 apostolice
495 1244 550 1261 super
560 1238 594 1255 hoc
604 1238 675 1255 indulta
685 1244 730 1255 ausu
740 1238 837 1255 temerario
846 1238 971 1260 infringendo.

204 1272 281 1294 Propter
294 1272 343 1294 quod
356 1278 394 1288 non
407 1275 436 1289 est
447 1271 522 1288 dubium
536 1272 603 1288 dictum
614 1277 640 1288 sic
650 1277 670 1288 se
680 1275 775 1294 gerentem
787 1277 819 1294 pro
830 1271 929 1288 substituto
939 1271 1003 1288 decani
1014 1272 1095 1295 predicte

160 1305 250 1322 facultatis
259 1308 278 1322 et
286 1305 333 1321 alios
346 1305 439 1327 predictos
452 1304 488 1322 sibi
501 1305 520 1321 in
533 1304 568 1321 hoe
581 1304 690 1329 adherentes
703 1308 721 1321 et
733 1304 821 1321 adherere
834 1305 923 1326 volentes,
934 1305 953 1321 in
965 1308 1052 1328 quantum
1063 1311 1095 1322 eos

160 1341 191 1355 aut
200 1343 262 1354 eorum
273 1338 374 1360 quemlihet
383 1338 442 1360 tangit
451 1341 469 1355 et
477 1341 553 1360 tangere
563 1341 630 1360 patest,
640 1338 749 1355 sententiam
759 1338 951 1355 excommunicationis
961 1344 970 1356 a
981 1344 1050 1355 canone
1059 1338 1095 1355 late

160 1371 178 1388 in
189 1371 325 1395 perturbatores
333 1371 469 1394 jurisdictionis
481 1378 501 1389 ac
514 1371 653 1398 privilegiorum
663 1371 714 1389 sedis
723 1371 823 1395 apostolice
836 1371 993 1395 promulgatorum
1003 1375 1022 1389 et
1031 1378 1095 1395 penam

160 1405 247 1428 deinceps
259 1404 336 1428 perjurii
348 1404 488 1428 dampnabiliter
500 1405 606 1426 incurrisse,
623 1408 640 1422 et
655 1405 679 1422 ob
692 1404 726 1422 hec
737 1411 769 1428 per
782 1405 849 1422 dictum
862 1405 956 1422 dominum
966 1405 1094 1422 cancellarium
1104 1405 1109 1409 “

159 1441 177 1455 et
187 1444 221 1455 nos
231 1438 271 1461 ejus
281 1438 299 1454 iu
310 1438 343 1455 hac
352 1441 403 1461 parte
413 1438 463 1455 vices
473 1441 567 1461 gerentem
578 1438 639 1461 puniri
650 1441 667 1455 et
676 1438 745 1461 corrigi
755 1438 822 1455 debitis
833 1444 878 1461 pena
889 1441 906 1455 et
916 1438 1028 1455 cohibitione
1039 1443 1094 1461 posse

160 1474 178 1488 et
187 1471 254 1488 debere
265 1477 287 1488 ex
296 1471 357 1488 causis
368 1474 386 1488 et
396 1471 498 1488 rationibus
511 1471 608 1488 antedictis
619 1475 636 1488 et
647 1471 762 1494 cognitione*
773 1471 869 1488 criminum
879 1471 1010 1494 predictorum,
1021 1470 1104 1494 sintque*

156 1505 232 1528 predicti
247 1505 352 1522 denunciati
367 1505 388 1522 de
403 1505 457 1522 dictis
471 1505 580 1521 criminibus
594 1504 696 1527 culpabiles
710 1508 727 1521 et
740 1508 828 1521 nocentes
840 1508 859 1521 et
871 1504 919 1527 apud
931 1504 992 1521 bonos
1001 1507 1020 1521 et
1029 1509 1094 1527 graves
