1308 1835
195 218 226 236 176
485 225 646 236 cnanrumnuuu
663 224 758 236 umvsus.
777 225 841 236 ranis.
1081 219 1130 237 [1315

193 261 248 278 modo
260 262 329 285 regiam
342 262 436 279 offendere
447 265 566 284 magestatem
578 261 718 284 quomodolibet
730 267 767 278 non
778 264 889 284 presumant,
900 261 933 278 sed
944 261 1005 284 potius
1016 261 1100 278 studeant
1110 267 1130 278 se

193 298 276 312 nostram
285 298 304 312 et
313 295 365 318 regni
378 301 399 312 ac
411 294 493 311 fidelium
507 298 612 311 nostrorum
626 295 721 311 amicitiam
733 295 837 311 confovere⁴
849 295 903 316 Quod
912 295 929 311 si
939 295 1069 317 reperirentur,
1081 295 1129 317 quod

193 328 248 349 absit,
262 328 374 345 contrarium
387 331 501 350 attemptare,
515 327 636 351 intelligimus
650 328 701 350 ipsos
714 328 753 344 fore
766 334 803 344 non
814 328 905 344 immerito
914 328 969 344 modo
980 327 1042 344 debito
1052 328 1129 350 punien-

193 361 233 378 dos.
249 361 329 384 Ideoque
344 361 426 378 districte
439 361 559 384 prohibemus
572 361 642 378 nostris
657 361 742 378 omnibus
751 361 867 383 justiciariis,
877 360 966 378 ministris
978 364 997 378 et
1008 360 1087 378 subditis
1097 367 1130 384 per

194 397 296 417 presentes,
309 400 332 411 ne
345 397 408 411 eontra
421 394 510 417 premissa
524 394 622 417 quidquam
634 394 713 411 audeant
723 394 744 411 in
755 394 838 417 predicte
850 394 978 411 Universitatis
988 394 1017 411 vel
1029 394 1128 416 aliquarum

194 433 313 450 personarum
326 427 409 450 ejusdem
422 427 543 450 prejudicium
557 431 669 450 attemptare,
680 428 762 451 injurias,
773 428 869 445 violentias
881 427 998 444 molestiasve
1011 433 1128 450 quascunque

193 461 267 482 inferre,
278 461 308 478 vel
321 461 340 478 in
353 467 415 478 eorum
426 461 541 484 aliquatenus
552 462 651 485 perniciem
663 462 769 479 machinari⁴
782 462 804 478 ln
813 462 866 484 cujus
876 462 902 478 rei
912 461 1036 478 testimonium
1048 460 1128 484 sigillum

194 498 276 511 nostrum
289 495 407 517 presentibus
422 495 489 512 litteris
503 495 588 512 duximus
600 495 736 517 apponendum.
751 495 815 512 Actum
830 495 910 511 Parisius
924 495 1005 512 secunda
1018 495 1047 511 die
1060 495 1128 511 mensis

193 527 243 548 Julii,
253 534 301 544 anno
312 528 384 545 Domini
395 528 493 545 millesimo
503 528 557 545 CCC⁰
566 528 709 550 quintodecimo.

240 577 308 593 Originalo
315 577 329 589 in
336 577 375 589 Αηιι.
382 577 443 589 vnvm.
452 576 499 591 ram„
508 576 548 588 uam
557 576 580 590 ιιι,
590 576 604 588 Λ.
614 576 633 588 1⁰.
641 576 654 588 a,
665 576 711 588 nuent
717 576 789 588 menmium
799 576 888 588 membranae.
898 580 928 588 vum
937 577 1011 593 mgnum
1021 576 1066 593 sigini.
1075 584 1088 586 -
1096 577 1128 589 eoa.

193 599 253 613 amur..
260 600 282 611 τοι,
289 600 310 611 6⁹,
316 606 333 608 -
339 599 378 611 Aah.
386 598 453 613 unsvm„
461 598 493 614 reg,
499 599 519 611 9t1.
525 602 539 614 p.
548 598 567 612 τε,
575 600 590 610 ,ιο
597 598 617 610 76.
624 598 747 613 Bu1neu„,1v,171,

194 682 250 700 721.
261 687 334 700 seatumm
344 686 444 700 Universitatiae
451 691 479 704 quo
487 686 573 703 ammian,
581 686 673 705 appellantes
681 691 690 699 a
700 688 754 700 rectore
765 688 779 700 ee
788 686 907 705 procuratoribus
918 686 938 700 aa
951 687 1058 700 Universitatem
1066 687 1129 705 quinque

237 710 296 728 solidae,
305 715 314 724 a
321 710 397 729 deputatis
405 711 426 724 aa
435 711 544 724 onix-smitam»
551 710 599 724 aecem
608 710 662 724 satians
670 711 722 724 notan·
729 711 814 728 consignare
822 711 878 724 achera.

751 759 786 773 ιειε,
795 758 874 775 summam
879 759 902 773 20.
909 758 986 776 [misam.

238 797 334 814 Universis
344 801 439 820 presentes
452 797 521 814 litteras
531 798 642 820 inspecturis
651 798 762 814 universitas
773 798 901 820 magistrorum
912 801 930 815 et
939 798 1036 815 scolarium
1047 798 1128 815 Parisius

193 830 312 851 studentium=
328 830 404 847 salutem
419 831 437 847 in
453 831 530 848 Domino
546 831 681 854 sempiternam.
697 831 725 848 Ad
739 834 843 854 perpetuam
858 831 884 848 rei
897 831 1009 848 memoriam.
1023 831 1069 853 Quia
1082 837 1128 848 non—

193 864 239 880 nulli
254 864 274 881 in
287 864 348 881 causis
362 864 416 881 motis
430 870 490 881 corani
504 868 575 881 rectore
588 868 605 881 et
619 864 769 887 procuratoribus
781 864 910 881 Universitatis
923 864 1032 881 Parisiensis
1048 864 1129 887 predicte

193 903 227 914 seu
237 903 297 914 coram
307 897 406 920 deputatis,
414 897 456 920 plus
468 898 562 914 fraudibus
573 904 626 920 quam
634 903 728 915 causarum
739 897 832 914 favoribus
841 897 948 919 innitentes,
957 897 1031 914 frivolas
1039 897 1061 914 ad
1072 897 1129 920 ipsam

194 930 335 948 Universitatem
346 930 464 953 interponere
474 934 611 948 consueverunt
620 931 759 954 appellationes,
771 934 790 947 ut
800 931 829 948 vel
839 931 902 947 saltem
912 931 958 953 ipsis
967 930 1089 947 mediantibus
1097 931 1129 953 jus

193 964 212 981 in
225 964 286 981 causis
300 964 346 986 ipsis
362 964 435 981 omnino
451 967 521 987 pereat,
536 967 567 981 aut
581 964 644 981 saltem
658 964 677 981 in
690 965 839 987 prorogationum
854 964 958 987 hujusmodi
971 964 1076 981 frivolarum
1089 964 1129 987 ipse

193 1003 247 1015 cause
264 1000 318 1020 prout
332 997 446 1020 frequentius
461 997 532 1018 accidit,
548 1001 663 1019 evanescant¹
680 1003 720 1014 cum
738 1001 797 1014 tamen
812 997 909 1014 summarie
925 997 1025 1020 procedere
1040 997 1130 1014 deberent

193 1036 249 1054 super
261 1030 297 1047 hiis
307 1034 325 1047 et
335 1030 358 1047 de
368 1030 422 1053 plano
431 1036 435 1047 ε
445 1030 526 1047 debitum
539 1031 633 1053 cupientes
646 1031 666 1047 in
677 1030 713 1047 hiis
726 1030 812 1047 adhibere
823 1030 929 1051 remedium,
941 1030 1037 1047 statuimus
1049 1034 1068 1048 et
1079 1030 1128 1047 ordi-

194 1070 265 1085 namus,
275 1067 295 1081 ut
305 1064 409 1087 quicunque
423 1064 508 1081 decetero
521 1063 543 1081 ab
555 1064 601 1087 ipsis
613 1067 682 1081 rectore
697 1067 714 1081 et
727 1063 875 1087 procuratoribus
888 1064 910 1081 ad
921 1063 1061 1081 Universitatem
1071 1064 1128 1086 ipsam

193 1103 215 1114 ex
230 1103 338 1120 quacunque
353 1103 407 1114 eausa
421 1103 482 1114 coram
497 1097 543 1120 ipsis
557 1101 605 1114 mota
622 1097 746 1120 appellaverit,
762 1097 846 1120 primitus
861 1100 879 1114 et
894 1100 935 1114 ante
952 1097 1012 1114 omnia
1026 1097 1128 1114 cautionem

193 1131 275 1153 quinque
288 1130 390 1147 solidorum
403 1130 499 1153 parisiens.
516 1130 564 1147 dicto
579 1131 645 1147 rectori
660 1130 692 1153 qui
706 1136 739 1153 pro
752 1134 833 1153 tempore
849 1130 910 1151 fuerit,
925 1133 1000 1153 prestet,
1014 1133 1034 1147 ut
1048 1130 1063 1147 si
1078 1130 1129 1147 cadat

193 1170 203 1183 a
212 1170 266 1181 causa
278 1164 317 1187 ipsa
330 1164 447 1187 procedendo
459 1164 478 1180 in
491 1164 560 1184 eadem,
575 1164 622 1180 dicto
635 1164 701 1181 rectori
713 1164 818 1181 satisfacere
832 1167 915 1180 teneatur
924 1163 947 1180 de
959 1164 1035 1184 eisdem,
1047 1163 1128 1186 alioquin

193 1197 212 1213 in
222 1197 262 1220 ipsa
274 1203 329 1214 causa
342 1197 429 1220 procedat
440 1197 480 1220 ipse
494 1200 561 1218 rector,
574 1200 628 1220 prout
642 1197 678 1214 sihi
693 1197 751 1214 visum
764 1197 819 1213 suerit
831 1197 924 1220 expedire,
934 1196 1055 1219 appellatione
1065 1196 1129 1219 hujus-

194 1230 243 1247 modi
257 1234 341 1253 tanquam
351 1230 415 1248 frivola
425 1236 462 1247 non
472 1230 562 1247 obstante,
577 1231 675 1247 Statuimus
686 1230 763 1253 insuper
772 1234 791 1247 et
800 1230 913 1251 ordinamus,
926 1230 976 1252 quod
990 1230 1095 1253 quicunque
1107 1236 1128 1247 ex

194 1270 242 1280 nunc
252 1264 271 1280 in
282 1264 363 1281 futurum
374 1270 383 1281 a
396 1264 487 1287 deputatis
498 1263 520 1280 ab
530 1264 652 1281 Universitate
666 1263 746 1286 predicta
757 1264 775 1280 in
788 1263 848 1286 aliqua
858 1269 913 1280 causa
924 1263 971 1280 datis
983 1269 1015 1280 seu
1029 1263 1094 1280 dandis
1106 1263 1128 1280 ad

193 1297 251 1320 ipsam
261 1297 401 1314 Universitatem
412 1297 537 1320 appellaverit,
548 1297 622 1320 prestita
633 1303 654 1314 eo
665 1297 719 1318 modo
730 1303 766 1319 qno
776 1302 831 1319 supra
841 1297 862 1314 ab
873 1297 914 1320 ipso
923 1297 1026 1320 appellante
1037 1297 1128 1318 cautione,

194 1330 264 1347 scilicet
274 1330 338 1346 decem
352 1330 453 1347 solidorum
465 1330 564 1354 parisiens..
573 1333 614 1347 ante
628 1330 687 1347 omnia
698 1330 717 1347 in
730 1330 813 1347 manibus
823 1330 882 1353 ipsius
893 1330 976 1352 rectoris,
987 1330 1006 1347 in
1016 1331 1057 1353 ejus
1067 1330 1128 1353 appel-

193 1363 261 1381 latione
274 1363 384 1384 admittatur,
396 1369 430 1380 seu
445 1364 537 1381 deferatur
551 1363 747 1387 eidemrappellationi.
760 1364 782 1381 Et
793 1363 808 1381 si
822 1364 916 1387 contingat
927 1363 995 1381 dictum
1008 1363 1128 1387 appellantem

193 1397 212 1414 in
223 1397 254 1414 lite
262 1397 389 1418 succumbere,
400 1403 460 1414 coram
471 1397 562 1420 deputatis
572 1403 628 1420 super
640 1398 703 1414 eadem
715 1397 751 1414 sibi
762 1397 826 1414 dandis
837 1397 873 1420 ipsi
882 1397 949 1414 rectori
959 1397 981 1414 tle
989 1397 1052 1414 decem
1063 1397 1128 1414 solidis

194 1431 292 1448 satisfaciat
303 1430 406 1448 antedictis.
420 1430 439 1447 Si
452 1430 493 1453 quis
506 1434 564 1447 autem
577 1430 682 1453 hujusmodi
695 1431 796 1448 cautionem
810 1431 864 1447 modo
878 1436 913 1453 quo
926 1430 994 1447 dictum
1007 1433 1035 1447 est
1046 1434 1128 1453 prestare

195 1464 281 1486 renuerit,
294 1464 395 1487 procedant
407 1464 444 1487 ipsi
455 1467 516 1480 rector
528 1467 546 1480 et
559 1464 639 1487 deputati
651 1464 671 1480 in
681 1464 721 1487 ipsa
733 1468 788 1487 prout
798 1464 822 1480 de
832 1464 882 1486 jure,
897 1464 945 1481 dicta
956 1463 1078 1486 appellatione
1090 1467 1128 1481 tan-

194 1503 247 1521 quam
258 1498 322 1515 srivola
332 1504 369 1515 non
380 1497 471 1519 obstante,
483 1497 506 1514 ad
516 1497 678 1520 interloquendum
692 1497 721 1514 vel
730 1497 862 1518 diffiniendum„
874 1500 927 1520 prout
937 1500 994 1514 emtus
1004 1496 1063 1519 ipsius
1073 1503 1127 1514 cause
