1308 1835
225 205 274 224 1316]
427 212 451 223 ΑΒ
468 212 521 223 imao
538 212 654 224 nccnxxxvi
673 212 738 227 usqua
756 211 779 222 ,in
797 211 866 222 munit
883 211 954 223 mecei..
1127 209 1157 226 187

224 252 244 265 ut
258 248 310 271 quasi
324 249 377 266 stelle
392 249 500 272 splendeant
509 250 527 266 in
538 249 598 266 medio
613 249 728 270 firmamenti,
741 248 827 265 omnibus
839 248 985 271 evangelizantes
998 249 1072 271 populis
1081 249 1156 266 verbum

224 281 299 302 bonum,
314 284 334 298 ut
348 287 384 298 non
400 282 436 299 sint
453 282 546 304 «loquele
560 288 620 305 neque
636 287 738 303 sermones,
755 287 832 304 quorum
849 287 887 298 non
902 281 999 298 audiantur
1015 281 1070 297 verba
1086 287 1155 297 eorum.

224 315 245 331 In
255 320 327 331 munem
341 317 405 331 terram
420 314 475 331 exivit
488 320 545 331 sonus
558 320 627 335 eorum,
639 318 657 331 et
667 315 685 331 in
695 315 742 332 [ines
754 314 805 331 orbis
815 317 863 331 terre
873 314 927 331 verba
938 314 1019 335 eorum',
1027 321 1037 329 »
1046 313 1102 330 verba
1114 313 1157 330 doc-

224 347 277 367 trine,
292 347 347 364 verba
363 347 433 367 salutis,
447 347 502 364 verba
519 347 652 369 preconizantia
669 347 733 364 laudes
746 347 823 368 Christi,
837 347 904 370 quibus
921 347 1001 369 aperitur
1015 347 1088 369 populis
1102 347 1156 369 janua

225 380 311 403 paradisi,
322 383 340 396 et
352 380 424 396 tandein
434 380 457 396 ad
466 379 596 396 beatitudinem
607 380 716 402 perveniunt
729 380 864 402 sempiternam⁴
878 380 906 396 Ad
916 380 950 396 hec
958 380 1016 402 igitur
1025 383 1044 396 et
1052 379 1156 402 hujusmodi

224 413 335 435 diligencius
349 413 470 433 attendentes,
483 412 566 429 videntes
578 412 709 429 nichilominus
722 418 758 435 que
771 416 866 435 sequntur,
882 413 897 429 si
911 412 1007 430 doloribus
1019 412 1107 429 afficimur
1119 418 1156 429 non

224 449 253 463 est
263 446 337 463 mirum⁴
351 446 489 463 considerantes
503 445 553 469 quod
568 445 681 463 Universitas
696 448 753 462 mater
767 448 837 467 nostra,
853 451 888 469 que
902 446 1015 469 temporibus
1029 446 1124 463 retroactis
1138 446 1156 463 in

224 482 293 496 tantum
303 479 414 496 venerabilis
425 479 472 502 apud
482 479 565 496 homines
575 478 682 499 habebatur,
690 482 711 495 ut
720 486 729 494 «
738 478 786 495 sicut
794 478 853 495 lilium
862 479 909 495 inter
920 479 988 501 spinas,
997 479 1023 496 sic
1031 479 1087 496 amica
1096 483 1156 496 nostra

224 512 272 529 iuter
282 512 345 532 filias³‚
356 519 363 527 v>
378 518 431 534 quam
446 512 543 529 laudabant
559 517 623 529 ornnes
640 515 705 535 gentes
719 514 738 528 et
751 511 903 528 commendabant
920 511 988 534 populi,
1006 511 1093 528 terribilis
1109 512 1157 535 apud

224 551 288 562 omnes
304 545 351 562 sicut
365 548 465 562 castrorum
480 545 528 562 acies
542 545 624 562 ordinata
633 550 637 562 :
646 550 733 568 perversa
746 550 796 561 nunc
808 544 902 561 hominum
917 544 995 565 racione,
1010 548 1065 561 totum
1079 545 1125 561 verti
1139 545 1157 561 in

225 578 326 601 oppositam
342 578 452 601 qualitatem.
467 579 510 595 Nam
524 578 560 598 cui,
576 579 614 595 Deo
629 581 683 598 teste,
698 578 757 595 honor
771 577 848 594 debetur
862 580 880 594 et
892 577 957 600 gloria,
971 583 1025 598 nunc,
1040 577 1088 600 quod
1103 578 1156 594 animi

224 611 345 628 amaritudine
355 611 458 632 referimus,
467 618 475 627 ι(
485 611 603 634 obprobrium
614 615 643 628 est
651 611 745 628 hominum
754 614 771 628 et
779 611 857 634 abjectio
864 610 930 634 plebis.
940 610 1009 628 Omnes
1018 610 1102 627 videntes
1112 616 1158 631 eam,

225 644 330 661 deriserunt
339 650 387 664 eain,
398 644 456 667 loquti
466 647 509 661 sunt
518 644 578 665 labiis,
587 648 605 661 et
614 648 711 661 moverunt
719 644 781 667 caput*
792 651 805 660 u.
815 644 934 667 Obprimitur,
945 644 1052 664 conteritur,
1063 647 1080 660 et
1090 643 1158 666 subpo-

225 677 275 694 nitur
286 683 321 700 que
335 680 363 694 est
373 677 431 694 libera
443 677 495 700 quasi
507 682 566 698 serva,
577 680 597 694 ut
607 677 659 694 etiam
670 678 707 700 jam
719 678 757 694 sint
768 678 825 700 spreti
837 677 869 694 filii
882 678 928 700 ejus,
939 680 957 694 et
969 683 1006 694 non
1018 677 1042 694 sit
1051 677 1082 700 qui
1093 683 1158 694 conso-

225 710 273 727 letur
285 716 324 731 eos,
336 710 371 727 uisi
381 710 469 727 Dominus
482 711 531 727 Deus
545 713 614 727 noster.
625 710 697 732 Quibus
709 710 736 727 sic
748 710 844 731 stantibus,
858 711 901 727 satis
914 710 1046 727 rationabiliter
1056 714 1084 727 est
1094 716 1158 727 caven-

225 743 275 764 dum,
286 749 309 760 ne
319 743 404 764 delenda,
415 743 464 766 quod
477 742 531 763 absit,
541 743 636 760 conclusio
649 743 778 766 subsequatur,
789 747 808 760 ut
820 743 890 760 scilicet
900 743 1012 760 venerabilis
1023 747 1080 760 mater
1090 747 1158 764 nostra,

225 782 279 799 quam
296 776 384 793 infirmam
404 776 501 799 aspicimus
519 779 536 793 et
544 776 640 798 ,jacentem
660 776 679 792 in
695 775 769 796 lectulo,
789 781 886 799 resurgere
907 782 944 793 non
962 776 1026 797 valent,
1044 777 1079 793 nisi
1099 777 1157 793 divina

226 809 325 832 prudencia
335 809 432 826 relevetur.

271 843 329 865 Igitur
345 848 401 865 super
417 842 452 859 hoc
468 842 593 865 multipliciter
610 842 712 863 anxiantes,
731 845 830 865 nostreque
849 842 976 859 Universitatis
993 845 1058 859 statum
1076 848 1159 865 reparare

226 881 278 898 quam
290 875 388 898 plurimum
398 875 499 898 cupientes,
511 875 669 892 consideravimus
682 875 708 892 nil
718 874 791 896 melius,
803 875 829 891 nil
838 875 952 892 commodius
965 881 999 892 nos
1013 878 1092 895 acturos,
1106 881 1158 897 quam

226 908 291 931 rigide,
307 914 347 925 cum
364 909 465 925 maturitate
481 912 547 929 tamen,
561 911 623 925 nostra
641 908 728 931 prosequi
744 908 820 931 negocia
835 911 872 925 toto
889 914 951 931 posse,
965 911 984 925 ct
997 914 1031 931 que
1046 911 1087 925 sunt
1098 911 1159 925 contra

226 945 288 958 nostre
299 942 428 959 Universitatis
437 941 532 962 honorem,
541 945 571 958 aut
580 945 676 958 vertuntur
686 942 705 958 in
714 942 797 964 ejusdem
808 941 888 958 notabile
897 941 1018 964 prejudicium
1029 945 1047 958 et
1055 947 1159 964 gravamen,

226 980 263 991 non
274 975 308 991 sub
318 975 392 991 silentio
402 978 432 991 aut
442 974 477 991 sub
488 974 637 991 dissimulacione
647 975 731 995 transire,
743 974 775 991 sed
787 975 851 997 pocius
862 974 961 991 remedium
972 980 1064 997 apponere
1075 974 1158 995 salutare,

226 1010 245 1023 et
252 1013 289 1024 non
298 1008 359 1024 sinere
367 1007 437 1030 perfodi
446 1007 520 1024 domum
530 1011 617 1028 nostram,
626 1013 659 1024 nec
668 1011 730 1024 nostra
740 1007 816 1030 negocia
824 1008 915 1030 deperire.
924 1008 946 1024 Et
953 1008 995 1030 quia
1003 1007 1159 1024 consideravimus

227 1040 277 1063 quod
289 1039 324 1057 hoe
337 1040 397 1057 facere
409 1046 447 1057 non
459 1040 548 1061 valemus,
558 1040 594 1057 nisi
608 1040 670 1057 inultis
683 1040 808 1057 incidentibus
822 1040 925 1063 sumptibus
938 1043 956 1057 et
969 1040 1061 1063 expensis,
1075 1046 1110 1063 que
1120 1040 1160 1057 fieri

227 1076 321 1095 nequeunt
335 1073 371 1090 nisi
385 1073 462 1095 pecunia
475 1073 574 1094 mediante,
587 1079 622 1095 qua
636 1074 712 1096 negocia
727 1073 795 1096 optime
809 1077 946 1096 promoventur,
959 1073 1025 1096 cuique
1040 1073 1099 1090 omnia
1116 1073 1160 1090 obe-

226 1105 284 1127 diunt,
300 1111 334 1128 qua
348 1106 425 1128 gloriam
440 1109 458 1122 et
471 1105 559 1123 honorem
573 1105 625 1122 etiam
639 1106 755 1128 possidentes
772 1106 870 1129 adquirunt
887 1106 1018 1128 indiscretique
1033 1106 1160 1123 discretissimi

226 1142 342 1161 reputantur,
355 1141 437 1155 nostrum
450 1142 509 1155 autem
521 1138 626 1155 venerabile
636 1138 736 1161 colleffium
745 1144 794 1156 nunc
803 1138 888 1155 videmus
897 1139 917 1155 in
927 1141 975 1155 tanta
982 1139 1044 1161 jacere
1054 1139 1130 1162 penuria
1140 1144 1160 1156 ac

227 1171 280 1188 etiam
291 1175 378 1195 egesmte,
391 1171 440 1194 quod
451 1172 481 1189 vix
490 1171 556 1188 habeat
566 1177 622 1188 unum
633 1171 735 1193 denarium,
745 1178 781 1194 quo
792 1177 824 1189 sua
832 1172 873 1195 jura
884 1172 975 1193 defendat,
987 1175 1005 1188 et
1015 1177 1056 1189 suas
1067 1171 1160 1189 libertates

226 1207 245 1221 et
254 1204 331 1227 negocia
341 1208 474 1227 prosequatur:
485 1208 550 1221 tantam
561 1204 618 1227 igitur
628 1204 757 1222 Universitatis
769 1208 831 1221 nostre
841 1205 933 1221 intuentes
945 1205 1046 1227 penuriam,
1055 1205 1160 1228 fontemque

227 1240 309 1254 nostrum
321 1243 411 1258 arescere,
425 1238 502 1260 ejusque
513 1237 589 1258 rivulos,
603 1243 649 1260 quos
660 1238 679 1254 in
691 1241 756 1254 cuncta
768 1237 819 1254 orbis
831 1237 901 1255 climata
915 1237 991 1259 derivat,
1003 1238 1097 1259 exsiccari,
1110 1242 1129 1255 ut
1139 1238 1161 1255 ab

227 1270 332 1292 hujusmodi
346 1270 422 1293 penuria
435 1270 527 1288 relevetur
540 1270 639 1294 diligenter
651 1271 754 1288 curavimus
768 1270 871 1294 providere,
886 1270 964 1288 scientes
977 1271 1062 1294 quoniam
1075 1277 1118 1294 ager
1130 1271 1161 1288 ille

226 1303 296 1319 fructus
309 1303 377 1320 uberes
390 1303 454 1320 afferre
468 1303 577 1324 dinoscitur,
591 1303 620 1320 cui
633 1309 676 1320 curn
689 1303 750 1320 coloni
762 1303 832 1321 cautius
844 1304 925 1326 undique
935 1303 1047 1326 providetur.
1058 1304 1117 1327 Super
1126 1303 1161 1321 hoc

227 1335 283 1358 igitur
293 1336 397 1358 specialiter
407 1336 513 1359 congregati
523 1336 571 1358 apud
582 1336 666 1353 Sanctum
675 1337 792 1357 Maturinum,
801 1342 834 1359 per
840 1337 947 1359 magistrum
956 1337 1027 1353 Petrum
1036 1337 1130 1359 Apostoli¹
1138 1337 1160 1353 de

227 1369 314 1390 parisius,
331 1372 372 1386 tunc
390 1372 452 1386 nostre
468 1369 597 1386 Universitatis
611 1372 708 1390 rectorem,
722 1372 741 1386 et
755 1369 808 1386 nobis
823 1369 871 1386 hunc
886 1369 982 1387 articulum
996 1369 1100 1392 specialiter
1114 1369 1161 1386 inter

226 1405 286 1418 cetera
301 1405 439 1424 proponentem,
456 1401 604 1422 deliberavimus,
618 1402 742 1419 ordinavimus
757 1406 775 1419 et
790 1402 886 1419 statuimus
900 1408 935 1425 que
951 1406 1046 1425 sequntur,
1061 1408 1083 1419 ex
1098 1403 1161 1419 unani-

227 1434 287 1457 mique
304 1440 405 1455 eonsensu,
423 1434 496 1450 nemine
511 1434 634 1455 discordante,
651 1434 775 1454 decrevimus.
791 1437 810 1451 ut
825 1434 953 1451 Universitatis
969 1438 1031 1451 nostre
1046 1434 1161 1451 contribuant

227 1467 301 1490 singule
311 1467 415 1487 facultates3
426 1467 537 1489 modumque
547 1466 676 1483 contribuendi
686 1466 762 1483 indilate
771 1466 862 1489 elegimus
872 1467 906 1483 sub
917 1467 949 1483 hac
957 1467 1023 1483 forma:
