1308 1835
208 211 258 231 1331]
411 219 435 231 An
451 220 505 231 ,nmo
521 218 638 231 nchxxxvi
656 218 722 233 usqua
738 218 763 230 An
780 217 849 229 mrum
866 217 938 229 mecei..
1109 215 1141 232 357

207 261 228 272 ac
237 254 311 272 testium
322 255 479 278 infrascriptorum
489 256 511 272 ad
520 255 554 272 hec
565 259 669 272 vocatorum
680 259 697 272 et
708 258 819 278 rogatorum,
830 258 905 278 propter
916 254 950 271 hoc
963 255 1085 278 personaliter
1098 261 1142 272 con-

207 288 283 305 stitutus
297 288 388 305 discretus
400 289 428 305 vir
442 288 529 311 magister
543 288 656 311 Reginaldus
669 288 692 305 de
706 289 823 309 Cornemare,
841 288 928 311 magister
939 288 958 305 in
971 288 1066 309 medicina,
1081 288 1140 305 locum

207 325 272 338 tenens
283 321 347 338 decani
356 321 446 338 facultatis
456 321 546 338 medicine
557 324 574 338 et
584 321 620 338 sibi
630 321 755 338 adherentium
766 325 784 339 et
795 322 883 339 adherere
893 322 994 339 volentium
1006 322 1026 339 in
1037 321 1069 338 hac
1084 325 1141 345 parte,

207 355 314 377 provocavit
323 358 342 372 et
351 355 448 378 appellavit
460 354 482 371 ad
498 357 576 371 sanctam
588 354 650 371 sedem
663 354 781 377 apostolicam
795 358 814 372 et
827 355 920 378 apostolos
935 355 988 378 petiit
1001 361 1041 372 cuni
1057 354 1141 372 instantia

207 388 243 405 sibi
253 388 292 405 dari
301 394 311 405 a
320 388 369 405 dicto
379 387 486 405 cancellario
497 390 551 410 prout
561 391 578 404 et
588 388 689 404 secundum
699 387 750 410 quod
758 387 778 405 in
787 388 864 411 quadam
875 388 979 411 pergameni
988 388 1052 406 cedula
1060 394 1092 411 per
1099 394 1141 405 eum

206 421 261 438 michi
270 421 342 438 notario
352 421 425 444 publico
438 421 553 444 infrascripto
568 421 632 438 tradita
646 424 664 437 et.
679 426 732 443 quam
746 427 779 444 per
793 427 821 438 me
836 421 873 444 legi
887 421 970 444 precepit
986 425 1028 438 tunc
1041 425 1059 438 et
1072 421 1141 438 ibidem

206 454 280 478 plenius
293 454 404 472 continetur.
421 454 478 477 Cujus
494 454 559 471 cedule
576 454 642 471 dictam
659 453 798 477 appellationem
816 460 848 471 seu
866 454 1014 477 provocationem
1029 455 1141 478 continentis

205 491 259 505 tenor
268 488 351 505 noscitur
361 493 402 505 esse
412 488 459 505 talis.

251 528 259 538 «
273 521 319 539 Cum
333 521 460 544 appellationis
474 527 506 538 seu
519 521 654 544 provocationis
667 520 768 538 remedium
779 521 798 537 in
809 520 911 538 subsidium
923 524 941 537 et
950 520 1054 538 relevamen
1065 527 1142 544 oppres-

205 560 267 572 sorum
277 560 309 572 seu
320 555 399 577 opprimi
408 554 533 572 verisimiliter
542 555 644 572 timentium
653 561 661 571 a
669 554 727 571 sacris
737 553 838 571 canonibus
848 554 873 571 sit
881 553 979 575 indultum,
988 557 1006 571 et
1013 554 1035 571 ad
1043 555 1140 571 Romanam

206 588 302 605 ecclesiam
313 591 387 605 matrem
398 588 478 605 omnium
489 591 507 605 et
516 588 622 611 magistram
632 588 691 611 possit
700 588 795 611 provocari
806 590 824 604 et
833 587 928 611 appellari,
938 591 959 604 ut
967 587 1034 610 injuste
1045 588 1114 610 gravati
1123 591 1142 604 et

206 621 291 644 oppressi
301 627 334 638 seu
345 622 423 645 opprimi
436 622 562 639 verisimiliter
573 621 678 639 dubitantes
688 622 727 644 ejus
738 621 826 638 uberibus
836 621 939 638 nutriantur
951 624 969 638 et
981 627 991 637 a
1004 621 1141 644 gravaminibus

205 654 260 671 illatis
274 660 307 671 seu
320 655 374 671 etiam
387 654 489 671 inserendis
502 655 624 672 defendantur
637 661 658 672 ac
671 655 724 672 etiam
738 658 832 676 tueantur3
848 654 890 671 hinc
906 658 935 671 est
947 654 997 677 quod
1010 660 1051 671 cum
1070 654 1092 671 ad
1106 660 1140 671 nos

205 688 293 704 decanum
304 690 322 704 et
331 688 429 710 magistros
439 688 529 705 facultatis
539 688 629 705 medicine
639 688 749 705 Parisisnsis
757 694 815 711 nuper
825 688 930 711 pervenerit
938 688 988 711 quod
995 687 1024 704 vir
1030 687 1141 705 venerabilis

205 724 223 737 et
233 721 324 737 discretus
335 721 421 743 magister
432 721 541 738 Guillelmus
556 721 578 737 de
593 721 696 742 Narbonna,
707 721 826 738 cancellarius
841 721 919 738 ecclesie
934 721 1051 742 Parisiensis,
1061 720 1141 737 sciencie

206 754 295 770 medicine
306 754 387 776 ignarus,
399 754 417 770 in
428 757 490 770 nostra
500 753 584 770 facultate
593 754 684 771 medicine
693 754 787 771 licentiare
797 754 904 777 magistrum
914 754 1010 771 Alfonsurn
1025 754 1048 771 de
1060 754 1141 777 Yspania

206 787 225 803 in
235 790 297 803 nostra
307 786 391 804 facultate
402 786 492 803 medicine
502 786 619 808 hacalarium,
627 786 713 803 inabilem
723 793 772 803 nunc
779 787 802 804 ad
810 787 901 804 licentiam
909 787 1041 810 recipiendum,
1050 787 1113 804 nititur
1123 790 1141 804 et

207 820 286 837 intendit
294 820 316 842 (1)
323 820 343 836 in
350 820 446 837 maximum
457 819 578 843 prejudicium
589 823 651 837 nostre
660 820 750 837 facultatis
760 826 781 836 ac
790 820 928 843 privilegiorum
938 820 993 837 nobis
1002 823 1086 843 tanquam
1096 826 1140 837 vero

205 853 288 870 membro
298 853 428 871 Universitatis
438 853 547 870 Parisiensis
557 859 566 870 a
576 853 621 870 sede
630 853 730 876 apostolica
740 853 859 874 indultorum,
871 853 890 870 in
902 853 969 876 quihus
983 853 1056 876 quidem
1066 853 1141 876 privile-

205 886 241 910 giis
252 886 299 903 inter
309 890 370 904 cetera
379 886 483 904 continetur
494 886 541 910 quod
553 886 612 904 dictus
622 886 742 903 cancellarius
751 886 770 903 in
779 886 896 904 lieentiandis
905 886 982 909 phisicis
992 886 1039 903 hona
1049 886 1085 903 fide
1099 892 1141 910 per-

206 920 287 937 mittere·
298 923 377 941 tenetur,
387 923 442 943 prout
451 920 494 937 fecit
503 920 564 937 dictus
573 919 699 941 cancellarius,
711 919 812 937 examinare
822 920 921 943 magistros
933 920 956 936 de
965 919 1047 943 predicta
1056 919 1141 937 facultate

206 953 296 970 medicine
313 959 370 976 super
383 953 466 975 scientia,
479 953 515 970 vita
528 957 545 970 et
555 953 637 970 moribus
648 953 800 970 licentiandorum
811 953 831 970 in
844 953 883 976 ipsa
894 953 977 970 facultate
991 954 1032 976 (que
1045 953 1141 976 privilegia

206 986 258 1003 etiam
270 992 302 1009 per
314 986 374 1009 ipsum
389 986 516 1003 cancellarium
525 987 584 1009 jurata
598 992 635 1003 non
650 990 711 1009 potest
725 992 758 1003 nec
773 986 829 1004 debet
841 986 956 1009 aliquatenus
969 986 1068 1010 ignorare),
1079 990 1096 1003 et
1108 992 1141 1010 per

206 1019 312 1042 hujusmodi
328 1026 404 1037 examen
417 1020 458 1037 sine
473 1020 596 1037 emolumento
611 1020 672 1043 aliquo
687 1020 754 1043 dignos
768 1020 863 1037 admittere
876 1023 895 1037 et
908 1020 996 1043 indignos
1012 1020 1108 1043 repellere,
1123 1022 1142 1037 et

206 1053 259 1070 etiam
270 1056 331 1076 potest
340 1053 435 1070 licentiat-e
444 1053 536 1070 dumtaxat
545 1053 626 1076 incipere
635 1053 719 1070 volentes
729 1053 748 1070 in
762 1053 840 1076 singulis
855 1053 976 1074 facultatibus,
993 1053 1059 1076 dignos
1074 1056 1140 1074 tamen,

206 1086 228 1103 de
239 1086 307 1109 quihus
316 1086 390 1109 quidem
402 1086 437 1103 sibi
447 1090 531 1103 constare
541 1091 578 1103 non
588 1089 649 1109 potest
658 1086 694 1103 nisi
705 1092 737 1109 per
746 1086 871 1103 testimonium
881 1086 1009 1109 magistrorum
1023 1086 1070 1103 dicte
1084 1086 1141 1103 sacul-

206 1119 254 1141 tatis,
268 1125 309 1136 cum
328 1119 430 1136 secundum
445 1119 534 1136 rationem
549 1119 571 1136 ad
590 1119 642 1142 ipsos
660 1119 766 1142 magistros,
784 1125 862 1142 quorum
876 1119 955 1142 collegio
974 1119 1096 1136 licentiandus
1113 1122 1141 1136 est

206 1152 342 1176 aggregandus,
353 1158 390 1170 non
400 1152 422 1169 ad
432 1156 528 1170 extraneos
538 1152 604 1169 debeat
614 1158 700 1169 recursus
710 1152 773 1170 haberi
782 1158 839 1175 super
848 1152 902 1173 hoc¹3

251 1192 260 1202 t(
271 1186 322 1207 Item,
334 1186 355 1208 (2)
364 1189 381 1202 et
388 1189 451 1203 contra
461 1185 612 1203 consuetudinem
623 1185 643 1202 in
651 1185 736 1203 facultate
745 1189 808 1202 nostra
818 1186 898 1208 predicta
911 1186 982 1203 notorie
995 1185 1111 1209 approbatam
1121 1192 1141 1203 ac

206 1219 287 1242 legitime
299 1219 426 1242 prescriptam,
434 1219 543 1236 laudabilem
555 1222 572 1235 et
583 1219 696 1236 observatam
705 1225 714 1236 a
721 1222 804 1242 tempore
811 1218 834 1235 de
841 1219 894 1242 cujus
901 1219 992 1236 contrario
1000 1218 1094 1236 hominum
1103 1225 1140 1236 me-

206 1252 262 1269 moria
273 1252 291 1268 in
302 1252 411 1269 contrarium
422 1258 459 1269 non
468 1252 536 1273 existit,
554 1258 589 1275 que
600 1252 642 1269 talis
652 1256 685 1273 est,
696 1252 782 1269 videlicet
792 1252 840 1275 quod
851 1252 955 1269 licentiandi
965 1252 985 1269 in
998 1252 1045 1269 dicta
1058 1252 1142 1269 facultate

206 1285 296 1302 medicine
305 1285 373 1302 debent
379 1285 472 1303 audivisse
482 1291 515 1308 per
524 1285 597 1309 triginta
606 1291 639 1302 sex
646 1291 719 1302 menses
729 1285 751 1302 ad
760 1285 827 1307 minus,
836 1289 854 1302 et
861 1285 927 1302 deinde
935 1291 955 1302 se
963 1291 1055 1308 exponere
1064 1286 1142 1303 examini

207 1318 254 1335 dicte
264 1318 354 1335 facultatis
364 1324 397 1341 pro
407 1318 486 1342 legendo
497 1322 574 1341 quatuor
584 1325 649 1336 cursus
660 1324 711 1340 suos,
721 1319 744 1336 ad
753 1324 801 1342 quos
810 1318 899 1342 legendos
909 1322 961 1336 antea
970 1322 1056 1336 tenentur
1066 1322 1084 1336 et
1093 1322 1142 1342 post-

206 1351 281 1368 modum
290 1351 358 1369 intrare
369 1357 443 1369 examen
455 1352 502 1369 dicte
512 1352 602 1369 facultatis
612 1358 646 1375 pro
655 1352 729 1369 licentia
739 1352 844 1373 obtinenda,
855 1352 965 1375 requirendo
977 1352 1142 1375 quemlibetmagi-

207 1388 264 1402 strum
279 1385 297 1402 in
311 1385 359 1402 dicta
374 1385 459 1403 facultate
473 1389 568 1408 regentem
582 1389 602 1402 ut
615 1386 693 1402 eundem
707 1386 730 1402 de
743 1386 820 1408 quadam
835 1386 926 1409 solempni
939 1385 1036 1409 questione
1052 1386 1113 1402 audiat
1124 1389 1142 1402 et

207 1418 282 1435 cuilibet
296 1418 386 1435 dictorum
403 1419 532 1441 magistrorum
551 1419 662 1441 respondeat
678 1418 701 1435 de
716 1424 751 1435 una
768 1419 864 1441 questione
877 1419 900 1435 ad
914 1419 976 1440 finem,
990 1419 1039 1441 quod
1049 1418 1142 1441 deponere

207 1454 283 1474 possent
292 1457 348 1474 super
358 1451 437 1468 sciencia
446 1451 531 1468 bacalarii
540 1451 653 1472 licentiandi,
664 1455 682 1468 et
692 1451 826 1474 subsequenter
836 1451 903 1468 debent
916 1451 988 1468 nomina
1002 1455 1020 1468 et
1031 1451 1141 1474 cognomina

207 1484 359 1501 licentiandorum
370 1484 388 1501 in
399 1484 495 1507 presencia
504 1484 563 1507 ipsius
573 1484 664 1501 facultatis
678 1484 700 1501 ad
712 1484 745 1501 hec
756 1484 860 1507 specialiter
871 1487 934 1501 vocate
943 1478 990 1507 'poni
1002 1484 1020 1500 in
1032 1490 1069 1500 uno
1082 1484 1142 1501 rotulo
