1308 1835
201 217 250 236 1331]
405 224 428 235 AB
445 224 498 236 ANNO
514 216 631 236 uecixxxw
648 224 714 239 usque
731 224 755 235 An
769 223 840 235 Annum
856 223 927 235 necet.
1101 221 1134 238 375

200 260 219 277 in
229 260 386 282 subsequentibus
398 266 458 277 coram
471 260 524 277 vobis
537 266 571 283 que
583 260 622 277 litis
636 261 787 278 contestationem
802 266 865 283 sapere
878 260 979 281 videantur„
992 260 1040 283 quod
1055 266 1092 277 non
1106 265 1134 278 est

200 293 307 310 intentionis
321 299 360 310 mee
374 293 423 310 litem
434 293 532 310 contestari
542 293 578 310 nisi
593 293 628 310 hoc
639 297 725 316 appareat
735 294 837 314 manifeste,
848 299 892 316 quas
903 293 1035 317 appellationes
1045 297 1063 310 et
1072 299 1133 310 earum

200 326 299 349 quamlibet
308 326 351 344 volo
360 332 396 349 ego
407 326 500 349 predictus
510 329 617 349 procurator
627 326 700 343 nomine
714 327 839 349 procuratorio
849 327 931 350 ipsorum
946 327 1062 344 dominorum
1077 326 1134 350 magi-

200 363 279 377 strorum
289 365 371 377 meorum
382 365 415 382 pro
428 359 511 382 repetitis
524 359 588 376 haberi
602 360 621 375 in
635 359 717 381 qualibet
729 363 780 382 parte
793 359 918 377 dicendorum.
935 360 1005 382 Quibus
1018 360 1134 383 protestatio-

199 392 254 410 nibus
264 393 291 409 sic
301 392 397 415 premissis
411 398 448 409 non
458 392 562 409 recedendo
572 392 595 409 ab
604 392 757 415 appellationibus
767 396 830 409 contra
840 393 940 415 predictum
952 393 1079 410 cancellarium
1090 393 1134 410 alias

199 425 272 443 nomine
282 425 373 442 facultatis
383 425 474 442 medicine
483 425 593 442 Parisiensis
603 425 718 448 interpositis
762 425 803 442 dico
814 428 832 442 et
842 431 924 448 propono
935 426 1007 443 nomine
1018 426 1100 449 predicto

199 465 239 476 cum
258 465 297 480 vos,
317 459 405 482 magister
422 459 475 476 Petre
489 459 569 479 Andree.
587 458 618 482 qui
637 465 670 482 pro
689 458 760 476 officiali
777 462 795 475 et
811 459 936 476 commissario
953 459 998 476 dicti
1014 459 1097 482 magistri
1111 459 1134 476 de

199 492 282 510 Narbona
297 492 401 509 cancellarii
417 492 495 509 ecclesie
509 493 565 509 Beate
580 492 636 509 Marie
652 492 760 509 Parisiensis
775 498 808 509 vos
822 492 894 515 geritis,
908 498 950 509 vere
964 496 981 509 et
994 499 1030 509 uon
1042 493 1134 510 immerito

199 526 277 542 habeant
293 529 311 543 et
327 525 429 549 predictum
447 526 574 543 cancellarium
593 525 628 543 sibi
645 529 748 548 suspectos,
766 525 843 548 predicti
860 525 929 542 domini
945 525 981 542 mei
999 529 1016 542 et
1031 526 1084 542 etiam
1098 531 1133 548 ego

199 559 272 576 nomine
283 559 364 582 predicto
375 559 487 576 audienciam
499 562 576 576 vestram
588 562 605 576 et
615 559 659 576 dicti
668 558 772 576 cancellarii
782 562 800 576 et
809 558 918 575 auditorium
929 562 1009 575 vestrum
1017 562 1135 575 recusant

198 595 216 609 et
226 592 324 614 declinant,
338 595 356 609 et
368 592 421 609 etiam
437 593 531 616 predictus
541 592 602 610 Guido
615 595 723 615 procurator
735 592 817 615 ipsorum
830 592 904 609 nomine
915 592 1041 615 procuratorio
1052 592 1133 614 ipsorum

198 628 217 642 et
226 631 259 649 pro
273 626 320 649 ipsis
331 625 480 648 jurisdictionem
492 629 571 643 vestram
587 629 603 643 et
620 625 729 643 audientiam
747 629 826 642 vestram
841 629 858 643 et
873 625 924 642 etiam
939 625 983 642 dicti
997 625 1107 646 cancellarii,
1118 625 1133 641 si

198 664 252 681 quam
264 658 342 679 habetis,
355 664 421 676 recuso
435 662 453 676 et
465 659 544 676 declino.
555 659 615 676 Primo
629 665 650 676 ex
660 665 682 676 co
693 662 711 676 et
723 665 756 682 pro
766 664 794 680 eo,
806 659 847 682 quia
860 658 951 676 notorium
963 661 991 675 est
1000 661 1053 681 atque
1063 661 1132 675 certum

198 691 247 714 quod
264 691 338 708 nomine
355 691 445 708 facultatis
462 691 552 708 medicine
569 692 679 709 Parisiensis
696 692 755 709 extitit
771 695 833 709 contra
850 692 917 709 dictum
935 691 1061 708 cancellarium
1078 697 1134 714 super

198 727 289 743 contentis
301 726 320 743 in
333 726 387 743 dictis
399 727 480 743 articulis
493 727 594 749 propositis
605 733 638 749 per
650 733 684 744 vos
696 730 758 744 contra
771 727 864 750 predictos
877 727 962 744 dominos
976 733 1028 744 meos
1039 730 1058 744 et
1069 732 1132 743 eorum

198 759 298 782 quemlibet
305 759 388 782 legitime
398 759 514 782 appellatum,
525 763 543 776 et
554 760 603 782 quod
611 760 659 776 dicta
666 760 764 783 appellatio
775 760 833 777 adhuc
845 760 918 783 pendet,
930 763 947 776 et
957 760 1006 782 quud
1017 760 1086 777 domini
1097 760 1132 777 mei

198 793 275 816 predicti
292 796 310 809 et
325 792 404 815 quilibet
417 799 480 809 eorum
496 792 544 809 dicte
559 792 686 815 appellationis
702 793 777 810 nomine
793 793 841 810 dicte
855 793 945 810 facultatis
962 793 1063 816 interjecta,
1081 793 1133 816 cujus

198 826 275 849 predicti
286 826 355 843 domini
364 826 401 843 mei
411 829 454 843 sunt
464 829 481 843 et
490 829 534 843 tunc
544 829 596 843 erant
605 826 686 843 membra
696 825 816 847 honorabilia,
829 826 940 843 adheserunt
954 826 1036 849 legitime
1049 830 1066 843 et
1078 826 1133 843 adhe-

198 863 244 876 rent.
256 860 332 882 Propter
342 859 391 882 quod
402 859 479 882 quilibet
488 859 570 882 ipsorum
580 865 613 882 pro
624 865 667 876 vero
678 859 781 882 appellante
790 862 853 876 contra
863 859 931 876 dictum
941 859 1068 876 cancellarium
1080 865 1134 883 repu-

198 896 245 910 tatur
259 895 276 909 et
288 898 344 910 verus
358 892 452 916 appellans
467 893 485 909 in
501 892 566 909 effectu
580 892 663 909 liabetur⁴
679 893 756 915 Propter
770 898 822 915 quam
838 892 976 915 appellationem
992 896 1009 909 et
1024 892 1134 910 adhesiones

198 926 290 949 predictas
306 926 366 943 dictus
383 926 503 943 cancellarius
519 926 596 943 multum
612 926 647 943 fuit
663 925 754 947 turbatus,
769 926 825 943 iratus
842 929 860 943 et
875 929 984 947 commotus,
998 929 1016 943 et
1030 926 1089 943 adhuc
1105 929 1134 943 est

198 962 261 976 contra
274 959 367 982 predictos
381 959 466 976 dominos
479 965 531 976 meos
543 959 584 976 sine
596 965 656 976 causa.
671 960 693 976 Et
702 959 745 976 ideo
755 959 831 976 multum
842 959 925 976 dubitant
933 959 1011 982 predicti
1023 959 1106 982 magistri
1116 962 1134 976 et

199 992 277 1015 quilibet
291 998 354 1009 eorum
370 996 388 1009 et
402 992 467 1009 merito
481 992 564 1009 dubitare
578 992 653 1014 debent,
668 996 686 1009 et
699 992 752 1009 etiam
767 998 802 1015 ego
817 992 890 1009 nomine
905 992 995 1015 predicto,
1008 993 1057 1015 quod
1073 992 1133 1009 dictus

198 1025 318 1042 cancellarius
332 1029 442 1048 provocatus
456 1032 478 1042 ex
493 1026 588 1048 premissis
600 1026 646 1048 ipsis
661 1025 727 1042 obesse
739 1025 784 1043 velit
795 1029 814 1043 et
825 1026 929 1049 specialiter
941 1026 960 1042 in
972 1032 1032 1047 causa,
1046 1032 1087 1043 cum
1100 1031 1133 1048 per

198 1064 230 1075 vos
248 1062 266 1075 et
282 1064 315 1081 per
331 1062 467 1081 procuratorem
485 1064 538 1075 suum
555 1058 619 1075 nititur
635 1062 653 1075 et
669 1058 748 1075 intendit
763 1064 818 1081 agere
835 1062 853 1075 et
869 1065 942 1076 movere
960 1062 1023 1076 contra
1040 1059 1133 1081 predictos

198 1091 283 1108 dominos
293 1097 345 1108 meos
390 1092 435 1108 Item
446 1097 468 1108 ex
478 1097 500 1108 eo
510 1095 528 1108 et
537 1097 570 1114 pro
580 1097 603 1108 eo
612 1097 646 1108 vos
657 1094 674 1108 et
684 1091 752 1108 dictum
761 1091 888 1108 cancellarium
899 1092 967 1109 hahent
976 1092 1054 1114 predicti
1064 1092 1133 1108 domini

197 1125 233 1141 mei
245 1128 279 1141 tam
290 1125 401 1147 conjunctim
412 1131 465 1148 quam
479 1125 551 1142 divisim
562 1128 659 1147 suspectos
669 1128 688 1141 et
696 1125 768 1145 merito,
780 1128 797 1141 et
807 1125 859 1141 etiam
870 1130 905 1147 ego
915 1125 989 1141 nomine
1000 1130 1062 1141 eorum
1073 1125 1132 1141 omnin

199 1161 216 1174 et
227 1158 299 1181 singula
309 1161 394 1175 contenta
405 1158 423 1175 in
434 1158 515 1175 articulis
523 1158 590 1175 vestris
600 1158 688 1180 predictis
698 1159 746 1181 [que]
756 1161 833 1181 tangunt
843 1161 860 1174 et
869 1158 964 1174 continent
971 1158 1009 1180 jus,
1017 1158 1105 1175 honorem
1116 1161 1133 1174 et

197 1191 299 1208 libertatem
310 1191 354 1208 dicu·
364 1191 468 1208 cancellarii
478 1194 533 1214 prout
541 1197 574 1208 vos
584 1191 667 1208 asseritis
674 1191 694 1207 in
701 1191 748 1214 ipsis
757 1191 845 1212 articulis,
853 1191 906 1213 cujus
915 1191 1019 1208 cancellarii
1030 1191 1090 1208 dicitis
1099 1197 1132 1208 vos

197 1230 238 1241 esse
253 1224 349 1241 officialem
359 1228 378 1241 et
386 1224 539 1245 commissarium=
549 1227 625 1247 propter
636 1224 686 1247 quod
693 1225 744 1247 juste
754 1224 838 1241 dubitant
847 1227 865 1241 et
874 1230 909 1247 ego
919 1224 972 1241 etiam
983 1224 1058 1241 nomine
1069 1230 1131 1241 eorum

198 1257 262 1274 dubito
274 1258 297 1274 de
307 1258 354 1275 recti
363 1258 429 1280 judicii
442 1258 457 1275 si
470 1258 519 1281 quod
529 1257 600 1274 hahetis
614 1258 726 1280 provisione,
736 1258 813 1274 maxime
825 1263 866 1274 cum
879 1257 942 1275 nullus
955 1257 1021 1274 debeat
1030 1263 1063 1280 pro
1073 1263 1094 1274 se
1103 1258 1132 1275 vel

198 1296 230 1313 pet·
241 1290 296 1307 alium
311 1291 330 1307 in
345 1297 399 1307 causa
411 1297 443 1307 sua
453 1291 543 1314 judicare.
559 1291 619 1312 Quare
633 1291 711 1313 predicti
726 1291 795 1307 domini
808 1291 844 1307 mei
857 1294 875 1307 et
886 1296 949 1307 eorum
962 1290 1040 1313 quilibet
1048 1296 1082 1308 vos
1092 1297 1133 1313 pre·

198 1324 266 1340 dictum
280 1324 387 1347 magistrum
398 1324 472 1341 Petrum
481 1324 563 1345 Andree,
572 1327 667 1347 gerentem
677 1330 711 1341 vos
721 1330 754 1347 pro
764 1323 837 1341 officiali
846 1327 864 1341 et
873 1324 999 1341 commissario
1009 1324 1052 1341 dicti
1062 1324 1133 1340 cancel-

197 1357 244 1378 larii⁷
255 1360 272 1373 et
285 1357 346 1380 ipsum
356 1357 483 1375 cancellarium
495 1361 530 1374 tam
540 1357 651 1380 conjunctim
662 1363 715 1380 quam
728 1357 802 1374 divisim
812 1363 844 1374 vos
854 1360 872 1374 et
882 1357 983 1380 predictum
995 1357 1132 1374 cancellarium*

198 1394 215 1407 et
227 1390 375 1413 jurisdictionem
388 1394 466 1407 vestram
482 1397 514 1407 seu
526 1391 635 1408 audientiam
649 1394 734 1411 vestram,
749 1391 764 1407 si
776 1397 829 1413 quam
844 1390 913 1407 habetis
926 1396 982 1413 super
992 1391 1088 1413 premissis
1099 1396 1132 1407 seu

197 1424 245 1445 aliis,
258 1429 323 1441 recuso
340 1427 358 1440 et
369 1424 443 1446 penitus
453 1423 525 1440 declino
536 1427 610 1446 propter
620 1429 684 1440 causas
694 1423 786 1446 predictais
795 1424 848 1440 etiam
858 1424 940 1440 notorias
948 1427 1003 1446 atque
1016 1429 1074 1444 veras,
1088 1429 1133 1446 quas

197 1463 220 1474 ex
235 1456 348 1474 habundanti
365 1460 384 1473 et
401 1457 423 1473 ad
440 1457 527 1473 cautelam
544 1457 601 1473 oss'ero
618 1462 647 1473 me
663 1457 736 1473 nomine
752 1462 788 1479 quo
803 1462 856 1479 supra
871 1456 996 1479 probaturum,
1009 1460 1063 1479 prout
1078 1457 1133 1473 suerit

198 1490 281 1510 rationis,
292 1495 353 1506 coram
363 1489 464 1506 venerabili
476 1490 515 1506 viro
526 1493 543 1506 et
553 1489 633 1506 discreto
645 1489 720 1506 domiuo
733 1502 745 1506 Α.
758 1489 830 1506 officiali
843 1489 947 1509 Parisiensi.
957 1489 1021 1512 judice
1033 1489 1131 1507 ordinario.
