1308 1835
174 203 207 221 516
461 209 620 221 cnsarvumou
638 209 732 221 umvaas.
751 210 814 221 mats⁴
1054 204 1103 223 [1341

174 246 197 263 de
207 246 317 267 Manesliis⁴,
328 246 416 263 decanum
426 249 445 263 et
452 246 560 269 magistrum
571 245 665 269 regentem
675 247 695 263 in
703 246 787 263 facultate
795 246 887 269 theologie
896 247 916 263 in
925 247 1048 264 Universitate
1056 247 1104 263 Pari-

174 279 238 299 siensi.
252 278 323 296 scilicet
334 279 384 302 quod
395 280 435 302 ipse
448 279 534 302 magister
547 279 613 302 Symon
626 279 649 296 ad
663 279 821 296 denunciationem
833 282 852 296 et
863 279 1012 302 requisitionem‘
1027 280 1104 296 rectoris

175 318 207 335 pro
223 315 305 335 tempore
319 312 431 329 recusaverit
445 318 478 329 seu
487 312 569 329 indebite
582 312 674 329 distulerit
685 318 750 329 vocare
763 312 859 335 magistros
873 312 961 329 facultatis
977 312 1069 335 theologie
1081 312 1104 329 ad

174 345 336 368 congregationem
345 345 459 368 generaleni;
471 349 489 362 et
497 346 574 368 quedam
584 346 617 362 alia
627 346 700 366 fecerat
713 349 733 362 ut
745 345 845 366 dicebatur,
858 348 920 362 contra
928 345 971 367 jura
981 348 999 362 et
1011 344 1104 362 libertates

175 378 252 395 reetorie
265 382 283 395 et
295 384 328 401 per
339 384 456 401 consequens
467 379 557 396 facultatis
570 379 634 396 artium
649 378 737 402 predicte,
752 382 814 395 contra
828 379 881 395 etiam
893 378 1016 401 juramentum
1030 378 1051 395 ab
1064 378 1104 401 ipso

175 411 263 434 magistro
273 412 351 434 Symone
362 412 409 428 dicte
419 412 497 428 facultati
510 412 574 429 artium
584 411 627 428 olim
638 412 733 435 prestitum
743 415 811 428 temere
824 411 926 428 veniendo:
938 417 994 434 super
1005 411 1071 434 quihus
1081 411 1104 428 lis

176 445 222 462 inter
232 445 290 468 ipsam
300 444 402 462 facultatem
413 445 485 467 artium
492 448 580 462 rectorem
589 448 608 462 et
614 445 703 468 quosdam
710 445 808 468 magistros
817 445 863 462 dicte
871 445 961 463 facultatis
969 445 1033 462 artium
1041 444 1104 468 vigore

175 478 288 500 quarundam
298 478 439 501 appellationum
450 484 470 495 ex
481 481 531 501 parte
544 478 586 495 dicti
597 478 679 501 magistri
689 478 772 501 Symonis
786 482 848 495 contra
860 478 911 501 ipsos
923 482 1019 499 rectorem,
1032 478 1105 495 faculta>

176 514 211 528 tem
220 511 285 528 artium
296 515 314 528 et
323 511 421 535 magistros
430 511 452 528 ad
462 511 524 528 sedem
535 511 651 534 apostolicam
662 511 803 534 interjectarum,
817 514 834 528 et
848 517 880 534 per
891 511 949 534 ipsam
961 512 1023 529 sedem
1038 511 1105 528 admis-

175 550 236 561 sarum
246 548 265 562 et
280 545 365 568 rescripti
377 544 472 568 apostolici
480 550 536 567 super
545 544 590 567 ipsis
601 544 753 568 appellationibus
763 544 853 568 impetrati
862 544 973 566 vertebatur,
984 550 1017 562 seu
1029 545 1075 562 verti
1088 548 1106 562 et

175 578 244 595 moveri
253 578 366 601 sperabatur,
375 578 397 594 ad
406 581 495 594 rectorem
504 580 522 594 et
529 577 631 595 facultatem
638 578 730 601 predictos
737 578 763 595 sic
771 581 892 601 congregatos
899 578 1021 601 personaliter
1028 578 1106 595 accessit

175 611 262 634 magister
274 611 341 634 Symon
355 611 435 634 prefatus
448 616 483 628 una
495 616 535 627 cum
550 610 687 628 venerabilibus
697 610 802 628 doctoribus
815 610 906 634 magistris
919 611 1010 628 Eertaudo
1021 611 1104 632 Sore11i³‚

175 644 274 661 Guillelmo
284 644 307 661 de
314 643 417 665 Lumbris⁷,
427 643 509 661 Johanne
519 644 542 661 de
553 644 678 663 Warnierua',
692 647 710 661 et
722 644 804 661 Iohanne
817 644 838 661 de
849 644 949 665 Oratorio',
962 644 1055 667 magistris
1064 648 1104 661 actu

175 677 281 700 regentibus
294 677 312 694 in
323 677 407 694 facultate
420 677 513 700 theologie
525 677 545 694 in
557 677 679 695 Universitate
692 677 797 699 Parisiensi,
809 677 858 694 dicto
870 677 957 700 magistro
972 678 1045 700 Symoni
1059 678 1105 695 assi-

175 710 272 731 stentibus,
279 706 299 727 et
307 710 368 733 ipsum
378 710 513 732 comitantibus,
522 714 540 728 et
547 711 677 734 protestatione
687 717 720 734 per
727 711 787 734 ipsum
796 711 900 734 magistrum
911 711 1007 734 Syrnonem
1014 711 1033 727 in
1041 711 1105 734 primis

174 744 226 765 facta,
237 744 285 766 quod
293 744 309 761 si
319 749 352 767 per
362 744 419 767 ipsam
428 744 529 761 facultatem
540 744 604 761 artium
614 744 722 767 supplicatio
731 750 763 761 sua
772 744 849 761 inferius
859 744 955 767 descripta=
963 750 1017 767 quam
1024 744 1105 761 facturus

174 780 254 798 venerat,
265 783 302 794 non
311 777 438 794 admitteretur
448 783 481 800 per
489 777 536 794 viam
542 777 613 800 justitie
623 783 655 794 seu
666 777 730 800 gratie,
742 783 778 794 non
789 777 894 794 intendebat
903 777 1055 800 appellationibus
1066 777 1105 794 suis

175 813 193 827 et
203 810 263 827 causis
276 810 356 833 ipsarum
369 810 511 833 appellationum
521 810 606 833 superius
616 810 748 833 descriptarum
759 816 791 833 per
800 816 822 827 ea
831 816 866 833 que
877 814 916 827 erat
923 810 1006 827 dicturus
1015 810 1035 827 in
1044 810 1104 833 aliquo

176 837 281 860 renunciare
292 849 325 860 nec
334 844 420 861 recedere
430 843 452 860 ab
462 843 538 861 eisdem.

207 886 209 888 ν
220 876 257 894 Sub
268 882 302 899 qua
311 877 386 899 quidem
396 877 526 900 protestatione
536 877 616 900 prefatus
624 877 711 899 magister
719 877 786 900 Symon
794 877 844 896 dixit.
853 877 901 899 quod
909 877 945 894 sibi
953 877 1104 899 quamplurimum

175 910 293 933 displicuerat
301 913 318 926 et
328 910 436 933 displicebat
446 910 513 928 habere
522 910 572 927 litem
581 916 620 927 cuni
632 910 679 927 dicta
688 910 771 927 facultate
781 910 853 931 artium,
863 916 897 926 nec
907 916 948 926 cum
956 909 1017 932 aliqua
1026 915 1105 932 persona

175 943 265 966 ejusdem;
280 943 323 966 quia
336 949 345 960 a
359 943 431 967 magnis
444 943 557 966 temporibus
571 946 588 960 et
602 949 635 966 per
649 949 713 966 magna
727 946 807 966 tempora
822 943 880 960 suerat
893 946 912 959 et
924 946 962 960 erat
972 943 1045 966 juratus
1057 943 1105 960 dicte

174 976 263 994 facultatis
273 976 338 993 artium
348 980 367 993 et
375 977 433 1000 ipsam
442 976 544 993 facultatem
555 976 643 993 dilexerat
653 979 672 993 et
681 976 777 999 diligebam
792 982 825 993 nec
836 982 915 999 unquam
928 976 962 993 fuit
974 976 1058 993 voluntas
1073 982 1105 999 sua

174 1009 243 1033 aliquid
252 1013 315 1027 eontra
324 1009 382 1033 ipsam
392 1009 494 1027 facultatem
504 1010 576 1031 artium,
586 1015 619 1026 seu
626 1010 669 1032 jura
678 1009 760 1032 ejusdem
770 1013 801 1026 aut
810 1009 888 1027 rectorie
900 1009 982 1026 indebite
992 1001 1104 1032 attemptare,

175 1049 208 1060 nec
218 1046 280 1060 contra
294 1042 369 1065 aliquod
380 1042 495 1066 suppositum
505 1042 594 1060 facultatis
605 1042 694 1065 ejusdem,
705 1046 723 1060 et
733 1042 748 1060 si
761 1046 852 1060 constaret
862 1042 964 1065 aliqualiter
975 1043 1025 1065 quod
1035 1046 1105 1060 contra-

175 1076 221 1093 rium
231 1076 301 1097 feeerit,
313 1076 364 1099 quod
375 1081 413 1092 non
426 1075 518 1097 credebat,
530 1075 652 1093 libentissime
665 1076 769 1093 emendaret
780 1076 803 1092 ad
817 1076 950 1093 ordinationem
963 1067 1053 1093 facultatis
1067 1082 1106 1099 pre-

175 1109 229 1130 dicte,
239 1109 269 1126 vel
278 1109 376 1132 suppositi,
387 1112 449 1126 contra
459 1109 508 1132 quod
518 1109 578 1126 taliter
587 1112 646 1126 actum
655 1112 710 1126 esset.
721 1110 744 1126 Et
753 1108 862 1132 supplicavit
871 1109 924 1126 dictis
938 1109 1011 1130 rectori,
1026 1109 1106 1126 facultati

175 1146 193 1159 et
202 1142 294 1165 magistris
304 1142 363 1165 ipsius
372 1142 462 1159 facultatis
472 1142 536 1159 artium
547 1142 670 1165 presentibus,
681 1145 700 1159 et
707 1142 765 1165 ipsam
771 1142 880 1163 facultatem,
889 1145 908 1159 ut
915 1143 1031 1165 premittitur,
1039 1142 1105 1159 facien-

175 1175 231 1197 tibus,
241 1179 332 1198 quatenus
341 1175 422 1198 placeret
431 1175 507 1197 eisdem,
519 1176 534 1192 si
544 1176 612 1198 injuste
621 1179 672 1192 esset
680 1176 768 1198 privatus,
777 1176 836 1192 facere
847 1175 883 1192 sibi
890 1175 987 1198 justitiam3
1001 1178 1020 1192 et
1031 1175 1050 1192 in
1062 1181 1105 1192 casu

175 1208 226 1225 dubii
235 1209 295 1226 facere
305 1208 341 1225 sibi
350 1209 432 1232 gratiam,
443 1212 462 1225 et
470 1209 530 1232 ipsum
540 1208 588 1226 dicte
597 1209 677 1225 facultati
687 1209 751 1225 artium
760 1208 840 1229 reunire,
849 1208 928 1225 offerens
936 1214 956 1225 se
962 1208 1011 1225 idem
1019 1208 1106 1231 magister

175 1242 242 1264 Symon
253 1248 276 1259 eo
288 1245 355 1259 eventu
368 1241 527 1265 appellationibus,
537 1241 663 1264 processibus,
675 1241 731 1258 bullis
745 1245 764 1258 et
776 1241 841 1258 litteris
855 1241 1001 1264 quibuscumque
1012 1247 1045 1264 per
1057 1247 1105 1263 eum,

175 1280 208 1291 seu
220 1281 242 1292 ex
254 1278 304 1298 parte
315 1275 375 1298 ipsius
388 1278 450 1292 contra
462 1275 520 1297 ipsam
531 1275 633 1291 facultatem
646 1278 664 1291 et
674 1280 797 1297 quascumque
809 1280 896 1297 personas
909 1275 991 1298 ejusdem
1005 1275 1106 1298 impetratis

175 1308 282 1325 renunciare
292 1308 374 1329 omnino,
516 1305 523 1310 ⁷

219 1342 258 1363 Qua
268 1341 401 1364 supplicatione
413 1341 439 1358 sic
451 1341 502 1362 sacta,
513 1341 593 1364 prefatus
608 1344 668 1358 rector
680 1344 779 1364 protestate
793 1347 825 1364 per
837 1347 879 1358 eum
892 1341 964 1358 nomine
978 1347 1012 1358 suo
1026 1345 1045 1358 et
1058 1341 1106 1358 dicte

174 1374 263 1392 facultatis
273 1374 339 1392 artium
348 1374 368 1392 in
377 1374 658 1398 contrariumrprotestationibus
669 1375 755 1398 predictis
764 1374 808 1392 dixit
816 1374 864 1392 dicto
872 1376 959 1398 magistro
967 1375 1048 1398 Symoni,
1056 1375 1106 1398 quod

175 1408 221 1426 dicta
231 1408 306 1425 facultas
315 1408 381 1425 artium
391 1414 447 1431 super
459 1408 505 1425 dicta
518 1408 649 1431 supplicatione
659 1408 775 1430 deliberaret,
786 1412 804 1426 et
813 1408 873 1425 habita
888 1408 1019 1425 deliberatione
1029 1414 1106 1431 respon—

175 1441 226 1459 deret
235 1441 301 1458 eidem.
311 1442 386 1463 Verum3
397 1445 416 1459 ut
426 1442 474 1459 idem
488 1445 548 1459 rector
560 1442 645 1463 asseruit,
659 1442 675 1459 si
689 1442 748 1459 dictus
763 1442 849 1465 magister
863 1442 928 1465 Symon
943 1441 1050 1464 loqueretur
1064 1447 1105 1458 cum

174 1475 257 1492 facultate
267 1481 300 1492 sua
309 1475 402 1498 theologie
412 1478 430 1492 et
439 1475 531 1498 magistris
540 1475 622 1498 ejusdem
632 1475 655 1492 ad
664 1475 718 1492 tinem
729 1475 778 1498 quod
789 1473 903 1492 ordinaretur
916 1481 951 1492 una
963 1475 1011 1492 bona
1023 1475 1058 1497 via,
1072 1481 1106 1499 per
