1308 1835
152 194 184 212 ¹62
357 211 359 214 ,
441 200 600 213 enini-umatum
618 200 712 212 univi-:ns
730 200 795 212 mnus.
863 201 865 203 ·
1035 193 1085 213 [1313

150 236 192 254 tntis
201 237 291 260 predicte,'
304 237 353 260 quod
368 236 499 260 appellavimus
514 240 532 254 et
545 236 684 260 prouocavii'nus
697 237 720 253 ad
733 237 795 254 sedem
808 235 968 260 apostolieanu'e't
980 236 1037 260 'super
1050 235 1084 254 h'oe

151 270 248 293 petivimus
262 270 356 293 apostolos
373 269 428 287 nobis
442 269 481 287 dari
496 273 514 287 et
529 269 605 287 concedi
620 269 665 287 tales
682 269 745 293 quales
759 270 782 287 de
796 271 838 293 jure
856 270 946 287 debentur
964 268 1025 291 nohis}
1043 269 1083 287 c'um

150 303 221 321 notario
239 302 313 326 publico
326 302 356 320 hic
374 306 443 320 astante
458 303 504 320 infra
524 303 598 326 scripto.
617 303 651 320 Cui
668 303 785 326 appellationi
800 306 817 320 et
832 303 956 326 provocationi
972 303 1084 320 adheserunt

150 336 247 353 reverendi
263 336 332 353 domini
349 336 437 357 scolares,
455 336 540 353 dominus
557 336 649 353 lohannes
665 336 687 353 de
703 336 834 357 Lueembourc,
851 336 936 353 dominus
951 336 1044 353 lohannes
1060 337 1083 353 de

150 368 274 390 Grandisono,
287 369 374 386 domiuus
384 369 477 386 Ainedeus
492 370 513 386 de
528 369 610 391 Gebena,
624 369 709 386 dominus
721 369 813 386 Johannes
826 369 848 386 de
862 369 984 390 Faleomonte=
997 369 1083 386 dominus

150 403 203 425 Hugo
214 401 306 425 Dalphini,
321 402 407 419 dominus
416 402 529 426 Reginaldus
539 403 562 420 de
572 403 650 425 Meseto,
661 403 763 420 Ademarus
776 402 799 420 de
810 403 875 424 Crosoy
888 402 981 420 Johannes
993 402 1016 419 de
1027 402 1083 419 Molis

150 439 167 453 et
181 435 236 452 frater
251 442 302 457 suus,
317 436 404 453 dominus
418 436 529 453 Guillelmus
543 436 565 453 de
581 436 670 458 Lobesco⁷
684 437 787 453 Ainanevus
805 436 828 453 de
844 436 951 457 Ramoforti,
965 439 984 453 et
997 436 1083 453 dominus

150 469 267 492 Raymundns
276 469 298 486 de
306 469 397 487 Carlucio.
408 470 431 487 Et
440 470 476 487 hiis
486 470 537 491 actis,
548 470 658 487 accessimus
669 470 718 487 illico
728 476 769 487 cum
779 469 909 487 adherentibus
920 469 941 487 ad
952 470 1082 487 monasterium

150 503 214 520 Sancte
224 503 324 524 Genovefe,
337 507 354 520 et
367 503 422 520 locuti
436 504 504 520 suimus
516 509 557 520 cuin
569 503 604 520 hiis
617 503 747 520 adherentibus
760 503 834 520 domino
843 516 854 520 ..
863 503 929 524 abbati¹
940 503 1033 520 executori
1044 509 1082 526 pre-

149 536 205 556 dicto3
221 542 274 559 quam
289 536 429 559 appellationem
444 536 479 553 sibi
495 536 627 553 insinuavimus
642 539 659 553 et
674 536 798 559 exposuimus.
811 537 834 553 Et
847 536 890 553 dum
903 542 942 553 eam
956 536 1018 559 legere
1032 542 1082 559 para-

148 568 219 591 bamus„
228 570 263 586 fuit
274 575 382 593 responsum
393 569 415 586 ab
425 570 472 592 ipso.
483 569 533 592 quod
542 575 581 586 eam
591 575 625 592 pro
634 569 681 586 lecta
690 569 773 590 habebat,
783 572 801 586 et
810 569 860 592 quod
869 569 905 586 sibi
915 569 989 586 daretur
998 569 1049 592 copia
1058 569 1081 586 ad

148 603 286 620 deliberandum
297 603 316 619 in
325 602 432 619 crastinum.

193 636 252 657 Unde,
265 635 335 653 domini
348 636 444 657 carissimi,
458 630 490 659 qui
502 636 569 653 ibidem
584 636 628 653 estis
641 636 747 659 congregati
758 639 842 659 tanquam
854 636 958 659 singulares
967 642 1053 659 persone.
1064 636 1080 653 si

147 669 199 687 vobis
217 669 276 692 placet
292 669 416 692 provocationi
434 672 452 686 et
468 669 584 692 appellationi
600 672 663 686 nostre
680 669 775 691 adherere⁷
790 675 843 692 qnam
858 669 976 686 adhesionem
989 669 1080 692 [petimus]

147 702 221 725 penitus
230 702 296 719 intuitu
307 702 380 725 pietatis
390 706 465 725 propter
477 708 567 726 pauperes
579 702 610 726 qui
622 703 641 719 in
651 703 773 720 Universitate
785 703 867 725 predicta
875 706 925 724 sunt,
938 703 980 725 quia
993 708 1029 719 non
1042 709 1080 720 ere-

147 736 207 753 dimus
218 742 281 753 eorum
290 735 365 752 bursam
376 735 398 752 ad
408 742 486 759 presens
498 736 544 753 infra
555 739 590 753 tam
599 736 655 753 breve
668 739 741 759 tempus
752 739 831 759 paratam
842 736 866 753 ad
875 736 984 753 solvendum
998 741 1002 752 :
1016 742 1079 759 quare,

147 769 163 786 si
174 769 227 786 vobis
240 769 305 792 placet,
320 769 379 792 legam
394 772 476 786 tenorem
491 769 618 792 appellationis
631 772 700 786 nostre.
716 769 751 791 Qui
766 769 902 792 responderunt
915 769 949 786 alta
962 775 1015 791 voce,
1029 769 1079 792 quod

146 802 232 820 volebant
246 802 322 819 eandem
339 802 479 826 appellationem
493 802 530 826 legi
545 806 563 820 et
576 802 672 826 publicari,
687 802 805 825 presentibus
821 802 899 820 testibus
916 802 963 824 istis,
978 802 1077 820 videlicet:

146 836 233 859 magistro
242 835 310 853 Jacoho
319 835 343 852 de
353 836 438 858 Quoeria,
446 835 529 853 Johanne
538 836 561 853 de
569 837 623 857 Luca,
632 835 710 853 Girardo
721 836 744 853 de
751 836 829 859 Brenay,
837 835 918 857 clericis3
930 835 1010 853 Roherto
1019 836 1079 859 Tyais,

147 872 165 886 et
171 869 268 892 Aymerico
279 869 349 891 Olhuti,
359 869 378 886 in
387 869 459 887 abbatia
469 869 561 892 predictaz

192 903 212 919 In
223 902 296 920 nornine
307 903 347 924 Dei,
357 909 416 920 amen,
430 903 518 920 Noverint
530 903 618 924 universi,
631 909 708 926 presens
718 903 858 920 instrumentum
869 903 961 926 publicum
971 903 1080 926 inspecturi,

144 936 197 959 >quod
210 942 259 953 anno
274 936 348 953 Domini
362 936 460 953 millesimo
471 936 600 953 trecentesimo
611 936 664 953 tertio
675 936 752 957 decimo,
763 936 863 953 indictione
872 936 975 957 undecima,
987 939 1035 953 sexta
1049 936 1079 953 die

145 969 215 986 mensis
227 969 277 990 Maii,
291 969 408 992 pontificatus
421 969 490 986 domini
503 969 610 991 Clementis,
621 969 681 986 divina
693 969 807 992 providentia
817 975 863 992 pape
873 969 938 992 quinti,
949 975 997 986 anno
1010 972 1079 991 octavo,

146 1002 217 1019 domini
228 1002 312 1025 magistri
325 1002 420 1025 Philippus
434 1002 510 1024 Nicolai,
523 1002 615 1019 Johannes
627 1002 650 1019 de
663 1003 727 1025 Longo
740 1006 797 1026 prato⁷
812 1003 895 1026 Pagauus
907 1003 932 1019 de
943 1002 960 1019 la
974 1002 1080 1024 Besehiere,

147 1036 200 1059 Hugo
216 1036 238 1053 de
253 1036 334 1057 Fon-esta,
345 1036 455 1053 Guillelmus
468 1036 491 1053 de
504 1036 602 1057 Curseriis,
614 1036 724 1053 Guillelmus
734 1036 852 1059 Carpentarii,
864 1036 963 1055 Gausridus
976 1036 999 1053 de
1010 1036 1080 1059 Falays,

146 1072 222 1092 propter
233 1069 280 1086 infra
291 1069 358 1092 scripta
371 1069 492 1092 personaliter
501 1069 602 1091 constituti,
612 1069 631 1086 in
642 1069 677 1086 mei
688 1069 756 1092 publici
768 1069 839 1090 notarii,
849 1072 890 1090 etc„
900 1073 918 1086 et
928 1069 954 1086 sic
964 1069 1079 1086 terminatur:

191 1102 235 1120 Acta
246 1105 289 1120 sunt
297 1102 331 1119 hec
342 1102 429 1124 Parisins,
443 1102 462 1119 in
474 1102 544 1119 abbatia
557 1102 644 1125 predicta,
656 1102 774 1126 presentibus
786 1102 873 1126 magistro
884 1102 959 1120 Nicolao
969 1102 992 1120 de
1001 1103 1079 1124 Vienna,

147 1139 218 1153 rectore
234 1135 364 1153 Universitatis
380 1135 462 1153 Parisius
477 1136 566 1159 predicte,
584 1136 637 1153 Petro
653 1135 721 1153 bedelli
738 1135 775 1158 (sic)
792 1136 871 1153 nationis
887 1135 987 1157 Gallicane,
1004 1136 1080 1153 Perroto

147 1169 238 1193 Symouis,
249 1169 346 1192 Ayinerico
359 1169 429 1190 Olhuti,
442 1172 460 1186 et
471 1169 555 1192 pluribus
568 1169 608 1186 aliis
621 1169 698 1186 testibus
709 1169 730 1186 ad
741 1170 830 1192 premissa
841 1169 909 1186 vocatis
922 1172 939 1186 et
951 1169 1027 1192 rogatis*
1042 1170 1080 1192 Qua

146 1202 193 1219 lecta
207 1203 336 1226 appellatione,
351 1203 404 1226 petiit
417 1203 457 1225 ipse
472 1203 557 1220 dominus
571 1202 680 1223 Odemarus,
693 1202 709 1219 si
723 1203 754 1225 qui
768 1206 819 1219 erant
832 1202 854 1219 de
868 1202 915 1219 dieta
930 1203 1080 1225 congregatione,

147 1236 178 1259 qui
194 1236 263 1253 vellent
279 1236 368 1252 adherere
382 1236 507 1259 provocationi
525 1239 542 1252 et
558 1236 675 1258 appellationi
692 1235 787 1258 predictis,
804 1236 883 1252 facerent
900 1241 920 1252 se
937 1235 993 1252 scribi
1009 1236 1080 1253 notario

146 1269 221 1292 publico
234 1269 282 1285 infra
292 1269 368 1291 scripto,
379 1275 438 1286 coram
452 1275 489 1292 quo
502 1268 612 1292 appellatum
625 1272 643 1286 et
656 1272 772 1292 provocatum
786 1269 876 1291 extiterat,
890 1272 909 1286 ut
919 1269 987 1286 dictum
997 1273 1031 1286 est.
1046 1269 1080 1291 Qui

146 1302 193 1319 infra
204 1302 268 1325 scripti
282 1302 386 1319 nominatim
401 1302 512 1319 adheserunt
526 1302 686 1325 provocationibus
698 1305 716 1319 et
727 1302 879 1325 appellationibus
894 1308 948 1326 supra
962 1302 1023 1324 dictis,
1032 1302 1081 1319 vide-

146 1335 191 1353 licet
203 1335 233 1352 die
251 1335 327 1358 septima
344 1335 413 1352 mensis
430 1335 479 1357 Maii⁷
494 1335 583 1358 imprimis
598 1335 684 1352 dominus
697 1335 789 1352 Amedeus
804 1336 826 1353 de
841 1335 915 1353 Gehena
929 1339 946 1353 et
959 1336 998 1358 ejus
1012 1336 1080 1357 socius,

147 1369 232 1387 dominus
243 1369 349 1393 Balduynus
358 1369 417 1391 Alani,
429 1369 514 1387 dominus
528 1369 620 1387 lohannes
630 1369 653 1387 de
663 1369 736 1387 Limoso
746 1372 763 1387 et
773 1370 813 1393 ejus
823 1369 875 1391 socii,
891 1369 976 1387 domiuus
989 1369 1081 1387 Johannes

147 1403 170 1420 de
189 1403 305 1420 Grandisono
321 1406 340 1420 et
355 1403 395 1426 ejus
412 1403 475 1425 frater,
489 1403 574 1420 dominus
587 1403 679 1420 lohannes
695 1403 718 1420 de
737 1404 854 1420 Farcomonte
873 1403 912 1426 ejus
927 1403 978 1425 socii,
995 1403 1081 1420 dominus

146 1436 239 1453 Iohannes
255 1435 380 1457 Desmonlins,
397 1436 490 1453 Johanues
504 1436 527 1453 de
541 1436 596 1453 Molis
610 1440 628 1453 et
641 1437 696 1453 frater
706 1443 757 1457 suus,
775 1436 868 1454 Johannes
883 1437 906 1454 de
924 1437 1025 1459 Seroponte
1040 1442 1081 1453 cum

147 1470 201 1487 Petro
216 1469 273 1490 socio,
291 1469 378 1486 dominus
392 1470 443 1492 Huge.
462 1469 554 1493 Daiphini7
572 1470 657 1487 dominus
672 1470 770 1487 Renaudus
785 1470 808 1487 de
821 1470 909 1491 Messeto„
927 1470 1013 1487 dominus
1033 1470 1082 1487 Ode-

208 1498 229 1510 21.
