1308 1835
209 220 257 239 1333]
410 228 434 239 AB
450 228 503 240 Auno
521 228 639 240 nccrxxxw
656 228 722 243 usque
740 228 764 239 Ao
780 227 850 239 Arnum
867 226 938 238 menet..
1109 223 1142 240 419

208 263 277 279 mensis
293 263 412 285 Septembris,
428 269 489 280 coram
505 264 613 281 reverendis
629 264 712 287 patribus
730 264 804 281 domino
821 265 874 281 Petro
891 263 977 286 episcopo
992 263 1107 284 Penestrino,
1121 270 1142 281 ac

207 296 281 312 domino
291 295 381 312 Anibaldo
393 296 480 319 episeopo
491 296 600 317 Tusculano,
612 302 631 313 ac
645 296 745 314 venerabili
756 300 806 320 patre
815 297 890 314 domino
900 296 991 314 Gasberto
1003 296 1141 319 archiepiscopo

208 329 317 350 Arelatensi,
329 329 399 346 domini
412 335 459 352 pape
472 329 578 350 camerarie,
591 329 682 346 Avinione
692 330 711 346 in
720 329 804 352 hospicio
816 330 861 347 dicti
872 330 941 347 domini
951 330 1050 347 Tusculani
1060 330 1142 353 episcopi

208 362 226 379 in
236 362 272 379 mei
285 362 350 379 notarii
365 365 381 379 et
395 363 467 379 testium
482 362 627 385 subscriptorum
642 362 740 385 presentia,
755 363 892 380 venerabilibus
904 363 987 386 patribus
1000 367 1019 380 et
1031 363 1110 380 dominis
1122 363 1141 380 in

208 401 258 413 sacra
275 395 367 419 theologia
383 395 476 419 magistris
493 395 621 418 infrascriptis,
641 395 727 412 videlicet
745 395 825 413 dominis
845 396 898 413 Petro
920 396 1062 419 Rothomagensi
1083 396 1142 413 archi-

208 429 301 452 episcopo,
310 429 365 446 fratre
377 428 435 446 Helia'
444 428 583 452 archiepiscopo
593 428 714 449 Nieossiensi,
723 428 798 446 Ordinis
805 429 880 446 fratrum
891 429 989 450 Minorum,
997 429 1052 446 fratre
1059 429 1142 446 Johanne

207 462 294 485 episcopo
303 462 427 481 Terralbensi.
435 462 511 480 Ordinis
520 463 574 479 Beate
583 462 639 479 Marie
648 462 670 479 de
679 462 778 483 Carmeha',
787 463 841 479 fratre
849 462 931 479 Johanne
939 462 1027 479 Clonensi
1037 463 1141 486 episcopo',

208 495 283 512 Ordinis
293 495 430 516 Cistereiensis,
440 496 522 512 Antonio
532 496 584 516 Bec‘,
593 496 662 512 decano
671 495 802 516 Lincolniensi,
812 495 868 512 fratre
877 494 957 512 Geraldo
966 495 1052 516 Othonis⁷
1060 496 1142 518 generali

209 529 291 545 ministro
309 528 384 545 Ordinis
403 529 478 546 fratrum
495 529 602 548 Minorum⁶,
620 528 703 546 Johanne
719 528 805 549 Lutvew,
823 528 910 545 canonico
930 528 1070 549 Sarssberiensi,
1087 529 1142 545 fratre

208 562 282 579 Galtero
295 562 317 579 de
330 562 417 583 ebatum,
432 562 507 579 Ordinis
520 562 595 579 fratrum
609 562 708 583 Minorum,
721 562 776 579 fratre
789 562 863 578 Audrea
872 561 896 578 de
905 561 988 582 Perusio,
1001 561 1077 578 Ordinis
1086 562 1142 578 Here-

208 595 290 612 mitarum
307 596 364 613 sancti
377 595 494 619 Augustini',
508 595 599 612 Bertaudo
615 595 697 616 Sorelli',
709 595 797 612 canonico
810 594 916 615 Parisiensi,
932 594 988 611 fratre
1000 594 1093 611 Bernardo
1104 594 1142 611 Oli-

207 629 277 650 verii¹⁰,
294 628 370 646 Ordinis
387 629 520 646 Heremitarum
540 629 598 646 sancti
614 628 720 652 Augustini,
740 628 795 645 fratre
811 628 930 645 Amaldoide
946 628 1012 645 Sancto
1028 626 1142 647 Michaele¹¹,

208 661 283 679 Ordinis
293 662 436 682 Predicatorum,
446 661 516 678 domini
526 667 571 685 pape
582 662 717 685 penitentiario,
728 665 746 679 et
754 662 809 679 fratre
820 661 919 679 Guillelmo
929 661 1018 678 Bernardi
1027 660 1050 677 de
1060 660 1142 681 Podiofl,

208 694 283 712 Ordinis
302 695 377 711 fratrum
399 695 500 715 Minorum,
522 694 645 717 personaliter
667 695 780 716 constitutis,
803 694 896 718 predictus
920 694 1005 712 dominus
1027 693 1143 711 Tusculanus

209 727 307 750 episcopus
321 733 344 744 ex
356 731 407 751 parte
420 730 438 744 et
450 727 472 744 de
486 727 570 744 mandato
584 728 648 751 prefati
660 728 730 745 domini
743 728 802 745 nostri
813 728 854 745 vive
864 728 914 745 vocis
924 728 1005 749 oraculo,
1016 731 1036 745 ut
1046 727 1096 749 dixit,
1108 727 1143 744 sibi

208 762 254 778 facto
269 761 350 784 precepit
364 760 433 778 eisdem
446 760 540 784 magistris
554 761 615 782 simul,
629 764 650 778 ut
662 761 779 784 premittitur,
794 761 910 784 congregat-is
921 761 939 778 in
949 761 1016 778 virtute
1027 764 1089 778 sancte
1100 761 1143 778 ohe-

210 794 277 811 dientie
287 797 306 811 et
315 794 349 811 sub
360 800 406 817 pena
416 794 615 815 excommunicationis,
626 797 647 811 ut
655 794 711 811 certis
720 794 802 811 articulis
811 794 932 817 infrascriptis
940 794 1040 811 seeundum
1049 794 1143 811 seientiam

209 827 254 850 ipsis
264 827 357 850 magistris
367 833 377 844 a
387 828 426 844 Deo
436 826 495 844 datam
507 827 557 844 omni
569 826 642 844 fictione
655 830 673 843 et
685 827 780 844 affectione
795 827 902 850 postpositis
915 830 969 850 prout
981 827 1084 844 sentiebant
1092 833 1144 844 vera-

209 860 254 877 citer
263 860 403 883 responderent.
414 860 450 882 Qui
461 860 533 883 quidem
545 860 614 877 domini
624 860 707 883 magistri
716 860 802 877 dixerunt
811 860 861 883 quod
872 860 956 877 mandato
966 861 1049 883 predicto
1058 860 1144 877 volebant

209 896 262 916 prout
277 896 353 916 possent
369 897 386 910 et
401 894 468 911 scirent
483 894 522 910 Deo
536 893 590 910 dante
604 893 685 916 plenarie
700 893 782 914 obedire,
796 896 917 916 protestantes
930 897 948 910 et
959 899 1047 916 expresse
1061 894 1144 917 dicentes

209 927 258 949 quod
268 933 288 944 se
298 930 316 944 et
326 933 389 944 eorum
401 927 447 944 dicta
458 930 511 950 atque
522 927 598 944 dicenda
608 927 627 944 in
638 930 655 944 et
665 932 721 949 super
731 927 812 944 articulis
823 927 943 949 infrascriptis
955 930 972 944 et
983 927 1030 944 circa
1040 927 1091 950 ipsos
1101 927 1144 944 arti-

209 960 260 977 culos
276 960 404 983 supponebant
417 960 527 977 correctioni
541 963 559 977 et
573 960 691 977 declarationi
706 963 768 977 sancte
782 961 863 977 Romane
875 960 953 977 ecclesie
966 966 987 977 ac
1001 960 1071 977 domini
1085 960 1143 977 nostri

209 999 254 1016 pape
265 993 348 1016 predicti.

252 1026 281 1043 Ad
291 1026 373 1049 primum
386 1026 482 1043 articulum
498 1027 529 1049 qui
544 1026 585 1043 talis
599 1030 639 1043 est:
649 1034 656 1042 ιι
666 1027 731 1044 Utrum
743 1026 852 1044 catholicum
862 1033 884 1043 au
896 1027 996 1043 hereticum
1007 1026 1036 1044 vel
1046 1033 1143 1043 erroneum

209 1060 232 1076 sit
247 1059 308 1076 dicere
318 1059 368 1082 quod
380 1059 400 1076 in
411 1059 468 1076 limbo
484 1063 588 1076 sanctorum
603 1063 675 1082 patrum
689 1065 726 1076 non
741 1060 796 1077 suerit
809 1066 856 1082 pena
869 1060 905 1077 nisi
919 1066 964 1082 pena
977 1060 1057 1082 dampni,
1071 1066 1106 1082 que
1116 1063 1144 1076 est

208 1093 287 1110 carentia
297 1093 375 1110 visionis
385 1093 446 1110 divine
455 1099 470 1114 n,
482 1093 526 1110 dicti
536 1093 605 1110 domini
616 1093 698 1116 magistri
708 1093 824 1110 concorditer
834 1092 967 1116 respondentes
977 1093 1061 1110 dixerunt
1070 1093 1143 1115 etjudi-

208 1129 295 1144 caverunt
305 1126 365 1149 ipsum
375 1126 469 1143 articulum
481 1132 523 1143 esse
533 1132 636 1143 erroneum

253 1160 281 1177 Ad
292 1159 386 1177 secundum
399 1159 495 1176 articulum
505 1159 536 1182 qui
547 1159 588 1176 talis
598 1162 626 1176 est
636 1165 640 1176 z
650 1167 657 1175 κ
667 1160 731 1176 Utrum
744 1159 853 1176 catholicum
864 1165 886 1176 an
896 1159 996 1176 hereticum
1007 1158 1035 1176 vel
1046 1165 1142 1176 erroneum

209 1193 232 1210 sit
249 1192 310 1210 dicere
327 1193 376 1216 quod
393 1193 478 1210 Christus
492 1198 529 1210 non
544 1193 603 1216 potuit
616 1192 695 1209 liberare
710 1192 778 1209 animas
794 1195 897 1209 sanctorum
913 1192 935 1209 de
953 1192 992 1209 lacu
1007 1192 1074 1209 inferni
1088 1196 1107 1209 et
1120 1192 1143 1209 de

208 1226 293 1247 vinculis,
308 1226 344 1243 nisi
358 1226 417 1243 dando
432 1226 459 1243 cis
470 1226 536 1243 claram
549 1226 639 1243 visionem
650 1225 711 1243 divine
721 1226 801 1243 essentie
810 1233 826 1247 n,
834 1225 969 1249 responderunt
980 1225 1023 1242 dicti
1033 1225 1115 1249 magistri
1125 1229 1144 1243 et

210 1260 295 1277 dixerunt
308 1260 367 1282 ipsum
381 1259 477 1277 articulum
491 1265 532 1277 esse
547 1265 643 1276 erroneum
654 1263 675 1276 ut
681 1260 736 1282 jacet.
747 1260 836 1276 Dominus
846 1262 904 1276 autem
916 1259 1065 1282 archiepiscopus
1076 1259 1143 1276 Rotho-

210 1293 303 1316 magensis
315 1296 334 1310 et
344 1293 424 1310 decanus
437 1293 573 1310 Lincolniensis
587 1293 665 1316 predicti
680 1292 743 1310 dicunt
755 1293 815 1316 ipsum
828 1292 924 1309 articulum
934 1298 1039 1313 erroneum,
1050 1293 1065 1309 si
1076 1292 1143 1309 intelli—

210 1329 262 1349 gatur
272 1326 294 1343 de
308 1326 388 1349 potentia
402 1326 434 1343 Dei
447 1326 540 1347 absoluta;
555 1326 598 1343 item
613 1326 628 1343 si
643 1326 662 1343 iu
677 1326 811 1349 comparatione
825 1326 847 1343 ad
862 1326 952 1343 dicentem
966 1326 995 1343 vel
1009 1329 1143 1349 argumentum,

210 1359 266 1376 nichil
282 1359 338 1379 valet3
356 1362 374 1376 et
390 1359 466 1382 insuper
483 1359 568 1377 dixerunt
585 1365 624 1376 eum
640 1365 738 1377 erroneum
752 1359 772 1376 in
786 1359 921 1382 comparatione
934 1359 957 1376 ad
971 1359 1066 1377 articulum
1080 1365 1143 1383 prece-

209 1392 288 1409 dentem*
305 1393 331 1409 De
346 1392 426 1415 potentia
440 1396 499 1409 autem
515 1392 597 1410 ordinata
612 1392 676 1410 dieunt
689 1392 739 1415 quod
749 1398 785 1410 non
801 1396 829 1409 est
838 1398 933 1410 erroneus.
944 1392 981 1410 Alii
991 1396 1050 1410 autem
1061 1393 1143 1416 magistri

210 1431 247 1442 non
257 1425 342 1443 obstante
352 1426 400 1443 dicta
409 1425 527 1442 distinctione
537 1425 594 1442 nichil
602 1425 700 1443 voluerunt
708 1425 781 1446 addere,
790 1431 823 1449 pro
832 1431 853 1443 eo
862 1426 903 1449 quia
913 1426 976 1443 dicunt
986 1426 1080 1443 articulum
1088 1426 1144 1443 istum

210 1464 278 1482 negare
288 1464 359 1476 omnem
370 1459 475 1482 potentiam.

254 1492 283 1509 Ad
297 1493 372 1509 tertium
386 1492 481 1509 articulum
497 1492 528 1515 qui
543 1492 584 1509 talis
598 1495 639 1509 est:
649 1493 730 1509 «Utrum
741 1492 849 1509 catholicum
862 1498 884 1509 un
896 1492 996 1509 hereticum
1006 1492 1034 1509 vel
1048 1498 1144 1509 erroneum
