1308 1835
197 214 218 232 58
487 221 646 233 cuim-viminum
664 221 758 232 ινΝινιῑιιε4
777 221 842 232 ranis.
1081 215 1130 233 [1292

197 257 244 275 circa
254 258 296 275 illos
306 258 337 281 qui
353 257 375 275 ad
387 258 421 275 alia
435 257 527 281 generalia
542 257 601 275 studia
613 257 765 274 transmittuntur.
778 258 799 274 Et
813 257 871 274 eidem
884 260 970 281 precepto
981 260 999 274 et
1012 263 1059 280 pene
1069 258 1130 280 subja-

198 294 256 312 ceant,
266 291 298 313 qui
310 290 390 307 scienter
402 290 515 308 consuluerit
528 291 550 307 de
563 290 623 313 aliquo
635 290 665 307 vel
677 290 810 313 presentaverit
820 290 899 313 aliquem
911 290 933 307 ad
946 290 1079 313 predicacionis
1092 291 1130 307 offi-

198 323 244 340 cium
256 323 285 340 vel
294 323 424 344 consessionis,
436 323 457 340 de
470 323 522 346 cujus
534 323 570 340 vita
582 326 600 340 et
612 329 645 346 spe
656 323 762 346 proficiendi
773 323 791 340 in
801 323 911 340 execucione
921 323 1030 346 injungendi
1040 323 1076 340 sibi
1090 323 1130 340 talis

198 356 252 373 officii
265 355 385 379 probabiliter
399 356 497 373 dubitatur.
512 356 565 378 Quod
579 357 595 373 si
609 356 674 379 aliquis
690 362 709 374 se
722 356 752 373 vel
764 356 819 373 alium
832 362 865 380 per
879 362 967 379 personas
980 360 1029 373 extra
1042 356 1129 374 Ordinem

198 389 322 412 procuraverit
333 389 380 406 mitti
393 390 416 406 ad
429 390 509 406 studium
523 389 645 413 quodcunque
659 390 703 411 [sive
716 389 738 407 ad
750 390 850 411 lectoriam,
862 389 994 411 baccallariam,
1005 390 1129 413 magisterium

198 422 228 440 vel
244 422 367 446 quodcunque
384 422 459 440 Ordinis
479 422 557 439 officium
574 423 690 446 promoveriJ,
708 423 749 446 ipso
764 423 811 440 sacto
828 423 913 440 omnibus
930 423 995 440 officiis
1012 422 1087 440 Ordinis
1108 423 1131 440 sit

198 456 285 479 privatus,
296 462 393 479 quousque
408 462 441 479 per
456 456 560 479 generalem
574 456 677 474 ministrum
694 463 756 474 secum
772 457 826 473 suerit
841 456 971 480 dispensatum.
983 455 1055 473 luhibet
1071 459 1129 473 autem

197 489 283 512 generale
293 489 397 512 Capitulum
408 495 430 506 ne
441 487 505 506 fratres
515 490 546 512 qui
556 495 589 513 per
599 495 717 513 personarum
728 493 778 506 extra
789 489 877 506 Ordinem
887 490 1028 512 procurationes
1038 493 1056 506 et
1065 495 1129 512 preces

198 523 220 539 ad
234 522 326 545 generalia
342 523 401 540 studia
414 514 567 544 transmittuntur,
582 523 661 540 revocati
676 523 697 539 ad
711 528 753 540 suas
768 522 871 545 provincias
884 523 1002 546 assignentur
1016 522 1083 540 alicubi
1097 528 1130 545 pro

198 555 257 572 officio
270 555 355 573 lectionis
368 556 408 573 sine
418 556 555 579 dispensatione
565 555 643 579 Capituli
654 555 751 578 generalis,
762 561 796 572 nec
809 555 828 572 iu
841 555 906 572 studiis
916 556 1007 579 gaudeant
1019 556 1129 573 studentium

197 588 281 606 libertate
338 589 407 607 Omnes
422 595 466 606 vero
483 589 578 606 studentes
595 595 634 605 cum
652 588 675 605 ad
691 588 793 611 provincias
811 580 853 605 suas
871 589 954 610 redeunt,
969 589 1049 606 debeant
1068 595 1130 606 secum

197 625 269 645 portare
283 622 415 639 testimoniales
425 622 495 639 litteras
504 622 587 645 gardiani
597 625 615 638 et
624 622 698 638 lectoris
709 622 745 638 loci
753 622 773 638 in
785 627 821 644 quo
832 622 941 639 studuerunt
951 622 1008 644 [datas
1021 622 1043 639 de
1053 622 1130 639 consilio

197 655 318 672 discretorum
334 659 352 672 et
365 655 467 678 aliquorum
481 655 599 676 studentium]
614 655 636 672 de
647 661 679 672 sua
693 655 832 672 conversatione
845 658 863 672 et
876 655 958 678 prosectu
972 655 991 672 in
1004 655 1071 676 studio,
1086 661 1130 678 quas

197 688 236 705 suis
248 688 337 705 ministris
347 688 445 705 ostendere
455 691 558 705 teneantur.

241 722 287 738 Item
299 721 381 744 quelibet
393 721 485 744 provincia
498 722 560 739 induat
572 727 616 739 suos
628 721 723 739 studentes
735 727 781 745 quos
794 722 847 739 mittit
859 721 881 739 ad
895 722 998 745 provincias
1007 722 1083 742 alienas,
1093 721 1130 739 illis

197 754 284 778 exceptis„
295 754 327 778 qui
338 761 359 772 ex
369 754 431 772 debito
444 755 540 772 mittuntur
551 755 637 776 Parisius,
650 758 666 772 et
679 755 759 778 exceptis
772 755 888 772 studentibus
901 755 995 778 provincie
1007 755 1089 776 Francie,
1100 755 1130 778 qui

196 788 219 805 ad
235 788 280 805 alias
299 788 395 805 mittuntur
413 788 523 811 provincias,
541 792 559 805 et
578 789 658 811 exceptis
678 789 730 805 etiam
750 789 843 811 provincie
861 789 939 805 Romane
959 788 1083 809 studentibus,
1100 788 1130 811 qui

197 822 293 838 mittuntur
303 828 324 838 ex
335 821 397 838 debito
407 822 429 838 ad
441 822 543 844 provincias
556 822 630 838 alienas.
641 821 761 838 Prohibemus
773 827 816 838 vero
830 822 914 838 decetero
926 822 992 838 fratres
1003 822 1034 844 qui
1047 822 1131 838 nesciunt

197 854 259 878 legere
273 854 379 878 psalterium
394 855 464 872 litteras
476 861 513 871 non
527 855 608 872 adiscant
621 861 654 871 nec
668 854 699 871 alii
714 860 746 871 eos
760 855 843 876 doceant,
859 858 876 871 et
889 855 904 872 si
917 855 958 878 quis
973 855 1108 876 contrafecerit,
1121 861 1131 871 a

196 888 325 904 communione
336 888 390 905 officii
402 890 418 904 et
431 893 494 904 mense
506 891 600 911 separetur
612 893 670 911 usque
683 887 705 904 ad
717 887 858 905 satisfactionem
868 887 984 911 condignam.
995 888 1018 905 Et
1029 888 1052 905 de
1061 888 1130 911 laycatu

196 921 219 938 ad
229 921 334 938 clericatum
345 921 407 938 nullus
416 920 502 938 ascendat
512 921 581 944 absque
591 921 662 938 licentia
674 921 751 944 Capituli
761 921 861 944 generalis⁴

241 954 348 972 Inhibemus
358 960 381 971 ne
392 954 476 971 dccetero
489 954 562 977 aliquod
575 955 661 977 scriptum
676 960 742 971 novum
754 957 804 971 extra
815 954 903 971 Ordinem
916 954 1020 977 publicetur
1031 955 1067 971 nisi
1079 955 1131 977 prius

196 988 316 1005 examinatum
333 987 388 1004 suerit
405 987 503 1010 diligenter
519 993 552 1010 per
568 987 672 1010 generalem
690 988 792 1005 ministrum
808 987 838 1005 vel
853 988 983 1010 provincialem
997 988 1026 1004 vel
1041 993 1074 1010 per
1088 987 1131 1004 illos

195 1020 262 1043 quibus
277 1021 313 1043 ipsi
325 1020 414 1038 ducerent
431 1021 585 1037 committendum.
599 1021 622 1037 Et
635 1021 739 1043 quicunque
752 1020 885 1042 contrafecerit,
900 1021 958 1038 tribus
972 1020 1038 1037 diebus
1053 1020 1072 1037 in
1084 1026 1130 1043 pane

197 1057 264 1071 tantum
276 1057 293 1071 et.
303 1060 347 1077 aqua
355 1054 433 1077 jejunet,
442 1057 460 1070 et
469 1057 528 1070 careat
538 1054 569 1070 illo
580 1054 654 1077 scripto,
663 1054 728 1071 Nullus
739 1054 791 1071 etjam
802 1054 856 1071 frater
866 1054 930 1071 audeat
937 1054 1016 1077 aliquam
1024 1054 1130 1077 opinionem

196 1090 298 1110 corruptam
312 1093 348 1104 non
362 1093 423 1104 sanam
435 1087 464 1104 vel
476 1087 498 1103 ab
510 1087 597 1110 episcopo
610 1091 627 1104 et
637 1087 729 1110 magistris
740 1087 873 1104 parisiensibus
884 1087 1004 1104 communiter
1017 1087 1130 1110 reprobatam

196 1121 277 1138 scienter
290 1126 374 1138 asserere
388 1120 418 1137 vel
432 1120 485 1137 etiam
499 1120 600 1143 approbare
616 1120 688 1143 publice
706 1120 735 1137 vel
751 1121 828 1137 occulte⁴
844 1121 880 1137 Nec
895 1120 1000 1143 opinionem
1019 1120 1130 1143 singularem

196 1154 322 1176 cujuscunque
334 1153 491 1176 calumpniahilem
501 1153 531 1171 vel
543 1157 645 1177 suspectam
659 1153 735 1170 maxime
747 1153 796 1172 circa
806 1153 861 1171 fidem
873 1153 903 1170 vel
916 1159 977 1170 mores
990 1153 1055 1170 audeat
1069 1153 1131 1170 desen-

196 1192 244 1204 sare⁴
255 1187 274 1204 Si
285 1190 345 1204 autern
354 1187 434 1204 ministri
443 1187 463 1204 in
474 1187 514 1204 suis
524 1187 623 1210 provinciis
637 1187 709 1210 aliquos
721 1186 766 1204 tales
778 1187 888 1207 invenerint,
899 1190 985 1203 moneant
998 1192 1030 1203 eos
1043 1190 1062 1203 ut
1075 1187 1131 1203 corri—

196 1224 241 1243 gant
251 1220 357 1243 diligenter,
371 1224 389 1237 et
403 1218 438 1237 nisi
452 1220 578 1237 revocaverint
590 1223 609 1237 et
618 1220 720 1237 destiterint
733 1220 822 1243 requisiti,
836 1219 921 1237 omnibus
934 1219 999 1237 officiis
1013 1223 1030 1236 et
1044 1219 1131 1243 legitimis

196 1253 267 1270 actibus
284 1259 316 1270 eos
334 1253 413 1276 privent,
431 1257 449 1270 et
467 1253 539 1270 tandem
560 1253 576 1270 si
594 1253 614 1270 in
629 1253 728 1276 pertinacia
744 1259 777 1270 sua
794 1253 933 1276 permanserint,
950 1253 1025 1270 fratrum
1045 1253 1131 1270 societate

197 1287 298 1310 priventur,
310 1290 328 1304 et
341 1287 411 1304 deinum
423 1287 564 1308 incarceremur,
576 1287 592 1304 si
602 1287 620 1303 in
634 1287 673 1304 suis
686 1286 780 1303 erroribus
794 1286 871 1303 finaliter
884 1290 1008 1309 perseverent.
1019 1287 1042 1304 Et
1054 1286 1131 1303 nichilo-

197 1320 257 1337 minus
268 1320 349 1343 generali
360 1320 444 1343 Capitulo
452 1320 481 1337 vel
489 1320 569 1343 generali
581 1320 664 1337 ministro
672 1326 705 1343 per
712 1320 841 1343 provincialem
850 1320 953 1337 ministrum
960 1326 1001 1337 cum
1011 1320 1049 1337 suis
1059 1320 1131 1343 opinio-

197 1353 252 1370 nibus
267 1353 405 1370 nuncientur..0

242 1387 307 1404 Nullus
321 1387 377 1404 frater
392 1387 449 1404 libros
464 1387 531 1404 scribat
545 1386 574 1404 vel
589 1386 644 1404 scribi
658 1387 711 1404 faciat
725 1387 747 1404 ad
761 1386 884 1408 vendendum,
898 1392 931 1404 uec
947 1386 1018 1404 habitos
1031 1387 1098 1404 vendat
1111 1387 1131 1403 in

197 1420 267 1438 Ordine
277 1420 337 1437 carius
347 1426 400 1443 quarn
410 1421 447 1437 sint
457 1421 518 1443 empti.
529 1421 552 1437 Et
560 1420 591 1443 qui
602 1420 648 1437 ultra
658 1420 755 1443 acceperit,
766 1420 825 1437 cidem
835 1420 907 1443 penitus
920 1421 1012 1437 auferatur
1023 1423 1041 1437 et
1053 1420 1131 1437 nichilo-

197 1454 258 1470 minus
273 1453 364 1476 puniatur.
379 1453 444 1470 Nullus
459 1453 576 1476 provincialis
590 1454 674 1470 minister
687 1454 753 1470 audeat
767 1453 834 1470 habere
848 1453 877 1470 vel
891 1454 970 1470 retinere
985 1453 1056 1476 aliquos
1073 1453 1131 1470 libros

197 1487 267 1510 absque
277 1486 349 1504 licentia
360 1486 451 1510 generalis
462 1486 546 1508 ministri,
557 1492 591 1503 nec
603 1486 658 1510 aliqui
671 1487 735 1504 fratres
747 1487 835 1510 accipiant
846 1486 876 1504 vel
888 1486 965 1503 habeant
977 1486 1046 1509 absque
1058 1484 1131 1503 licentia

259 1516 272 1528 ε.
