1308 1835
137 211 159 228 74
430 217 588 229 cummim-nuum
605 217 700 229 uruvens.
718 217 783 229 mnis.
1023 212 1074 230 [1296

136 254 218 272 votivum
234 258 252 271 et
268 260 377 278 prosperum
394 254 513 277 vigilantibus
530 254 596 271 studiis
614 254 735 271 intendamus*
752 255 792 271 Non
809 255 857 271 enim
873 255 897 271 de
916 254 974 271 nostri
994 254 1073 271 sacrario

136 288 217 310 pectoris
226 287 294 305 oblivio
306 287 405 310 dampnosa
416 287 513 310 subripuit,
525 287 568 309 quin
579 287 640 310 potius
650 287 709 304 tenaci
718 287 805 304 memoria
815 287 922 308 retinemus,
930 287 980 309 quod
990 287 1073 309 ejusdem

136 320 216 337 ecclesie
228 320 303 343 copiosa
316 320 421 343 benignitas
435 326 468 337 nos
481 320 531 341 olim,
542 320 585 337 dum
599 320 618 337 in
630 320 733 337 minoribus
747 326 849 343 ageremus,
861 320 883 337 de
897 320 956 342 ipsius
969 320 1073 337 honorabili

136 353 207 376 gremio
221 353 320 371 existentes
333 354 379 371 fovit
391 357 409 370 et
420 353 502 371 tractavit
513 357 533 370 ut
545 353 610 375 filium,
622 353 709 370 maternis
721 353 770 376 pavit
781 356 800 370 et
811 353 874 370 refecit
887 353 983 374 uberibus,
993 353 1074 376 respexit

136 387 207 409 gratiis,
218 386 313 404 beneficiis
322 386 426 404 honoravit.
436 386 517 409 Ideoque
527 392 564 403 non
574 387 664 404 immerito
675 386 723 403 illam
734 386 780 403 infra
790 386 868 403 caritatis
878 386 949 403 viscera
960 386 1043 409 gerimus
1055 389 1073 403 et

136 419 222 443 specialis
236 420 304 437 favoris
318 420 409 437 affluentia
427 420 545 437 confovemus
561 419 661 443 apostolice
679 420 729 437 seclis
746 423 806 443 partes
824 419 909 437 solertius
927 419 1037 440 adhibendo,
1053 422 1073 436 ιιι

136 453 219 476 ejusdem
232 457 290 471 status
304 453 381 470 ecclesie
395 453 471 471 honoris
480 453 587 477 multiplicis
596 453 709 471 incrementa
720 453 813 477 suscipiat,
824 452 908 471 felicibus
921 452 1006 470 fulciatur
1018 458 1073 470 even-

136 486 193 508 tibus,
202 490 221 503 et
227 486 346 504 successibus
353 487 448 510 prosperis
457 487 570 508 fecundetur,
579 490 599 504 ut
608 487 648 510 ipsa
655 487 708 510 quasi
718 493 750 509 per
760 487 851 510 condigne
860 487 986 504 retributionis
994 486 1072 503 officium

136 520 156 536 in
165 519 220 536 nobis
229 520 329 542 gratiosum
341 520 397 543 patris
407 520 490 537 affectum
500 526 534 543 per
543 520 626 537 effectum
637 520 722 540 inveniat,
734 526 769 542 que
781 520 868 537 anteactis
881 520 995 543 temporibus
1010 523 1073 537 nostro

136 552 195 570 dulcia
213 553 275 570 matris
291 553 348 570 ubera
365 553 428 576 gustui
444 553 553 575 propinavit.
571 553 618 569 Sane
634 552 773 569 considerantes
791 553 877 569 attentius
893 556 913 569 ut
930 553 977 569 infra
994 545 1072 569 claustra

135 586 215 609 pectoris
229 586 308 603 sollicite
325 585 447 607 revolventes,
463 585 511 608 quod
528 585 547 602 in
563 585 631 608 prefata
648 585 746 602 Parisiensi
763 585 846 606 ecclesia,
863 585 881 602 in
896 592 931 608 qua
948 589 1002 608 prout
1018 586 1072 602 nobis

135 619 223 636 hactenus
239 619 257 636 in
275 619 305 635 illa
322 618 440 641 presentibus
459 618 544 642 proprius
563 618 651 636 indicavit
669 622 753 641 aspectus
773 622 790 635 et
808 618 849 635 sacti
869 619 959 635 evidentia
979 619 1071 640 revelavit,

136 652 223 675 copiosus
236 655 254 668 et
266 651 364 668 laudabilis
378 651 506 669 canonicorum
520 654 537 668 et
549 651 624 669 aliarum
634 657 752 674 personarum
765 657 851 668 numerus
861 652 880 668 in
890 651 921 668 illa
933 652 1038 675 degentium
1049 652 1072 668 ad

136 685 169 702 Dei
178 685 250 702 laudem
259 688 279 702 et
287 685 365 708 gloriam
373 685 443 708 jugiter
453 685 588 706 conservatur‘,
597 685 709 705 necessaria,
719 685 771 702 utilis
780 688 799 702 et
807 685 900 702 fructuosa
909 691 963 708 quam
973 685 1070 708 plurimum

135 718 175 735 sore
188 718 289 735 dinoscitur
300 718 371 739 decani,
384 718 464 735 cantoris
474 722 493 735 et
502 718 605 735 cancellarii
616 718 716 741 corporalis
731 718 831 742 sedulaque
840 718 938 741 presentia,
950 718 1072 736 consideratis

135 755 154 769 et
166 751 256 769 discussis
270 751 357 769 attentius
370 752 392 769 iis
405 758 440 775 que
452 752 474 769 ad
485 757 548 769 eorum
558 755 659 769 noscuntur
669 751 727 769 officia
737 752 835 775 pertinere,
846 755 944 775 pensantes
957 752 1010 769 etiam
1023 751 1072 775 quod

135 784 214 802 ecclesia
223 785 326 808 supradicta
336 785 407 802 favente
414 785 447 802 illo
455 791 464 802 a
472 791 508 808 quo
516 785 606 802 bonorum
617 785 697 802 omnium
708 785 755 802 dona
763 788 841 806 manant,
849 785 921 802 facilius
930 788 949 802 et
958 785 1072 802 commodius

135 818 202 841 poterit
211 822 261 841 grata
272 818 290 835 in
301 818 428 841 spiritualibus
438 822 456 835 et
468 818 600 841 temporalibus
613 819 723 835 incrementa
737 818 838 841 suscipere,
849 819 865 835 si
876 824 963 841 persone,
973 818 1072 841 dignitates

135 857 168 868 seu
179 855 287 874 personatus
298 851 317 868 in
330 852 392 868 eadem
408 851 486 868 ecclesia
498 851 609 873 obtinentes,
620 858 660 868 curn
675 852 715 875 ipse
728 851 831 875 potioribus
845 851 917 868 soleant
928 851 1003 869 rutilare
1016 852 1072 868 virtu-

136 885 186 901 tibus
195 888 214 901 et
223 885 283 902 altiori
293 884 363 901 clarere
374 884 446 901 cumulo
455 885 567 906 meritorum,
575 885 692 902 residentiam
703 885 748 901 inibi
758 885 825 902 faciant
834 884 948 907 personalem
958 891 961 901 :
971 884 1073 908 apostolica

135 917 242 935 auctoritate
256 918 353 935 statuimus
367 921 384 935 et
395 918 447 935 etiam
462 918 567 935 ordinamus
581 921 601 935 ut
614 918 700 939 decanus,
711 921 774 935 cantor
787 922 806 935 et
818 918 937 935 cancellarius
950 918 1010 941 ipsius
1023 918 1073 935 Pari-

136 951 203 968 siensis
217 951 302 972 ecclesie,
315 951 347 974 qui
357 957 389 974 pro
402 954 484 974 tempore
496 951 570 973 suerint,
584 951 665 968 residere
679 951 765 968 continue
778 951 797 968 in
809 951 886 968 ecclesia
899 952 938 974 ipsa
951 951 1073 974 personaliter

136 984 248 1005 teneantur¹‚
258 984 345 1007 quodque
356 984 378 1001 de
388 984 423 1001 hoc
433 984 451 1001 in
462 990 495 1001 sue
506 984 627 1001 institutionis
637 984 695 1005 initio,
708 984 837 1001 nichilominus
850 984 868 1001 in
878 984 953 1007 capituli
962 984 1073 1001 Parisiensis

135 1012 233 1040 presentia,
245 1021 327 1040 prestent
338 1017 457 1040 corporaliter
464 1018 597 1040 juramentum;
609 1021 626 1034 et
635 1017 685 1040 quod
697 1018 750 1034 etiam
764 1021 826 1035 contra
839 1017 945 1040 hujusmodi
959 1021 1045 1035 statutum
1055 1021 1074 1034 et

136 1050 269 1068 ordinationem
279 1050 349 1068 litteras
359 1050 388 1068 vel
399 1050 495 1074 privilegia
504 1051 586 1073 quelibet
595 1050 618 1067 ab
627 1051 725 1074 apostolica
737 1051 780 1068 sede
790 1051 819 1068 vel
829 1051 894 1074 legatis
904 1051 962 1074 ipsius
972 1057 1006 1074 per
1016 1057 1035 1068 se
1043 1050 1072 1068 vel

135 1084 190 1101 alium
203 1087 234 1101 aut
246 1084 291 1101 alios
306 1084 410 1101 nullatenus
423 1084 553 1107 impetrabunt,
566 1090 599 1101 nec
615 1087 688 1101 utentur
701 1084 804 1108 privilegiis
817 1084 846 1102 vel
860 1084 981 1108 indulgentiis
996 1084 1073 1107 quibus-

134 1123 206 1141 cunque
226 1117 320 1141 personis,
342 1117 456 1140 quibuslibet
474 1117 604 1135 ecclesiasticis
623 1117 652 1134 vel
672 1117 788 1135 secularibus
808 1118 933 1141 cujuscunque
954 1117 1073 1139 conditionis,

135 1151 274 1174 preeminentie‚
283 1150 377 1174 dignitatis
387 1154 418 1168 aut
426 1154 483 1168 status
491 1157 500 1168 a
508 1151 576 1174 prefata
585 1151 628 1168 sede
636 1151 731 1168 concessis
739 1151 834 1172 hactenus,
842 1151 871 1168 vel
878 1151 898 1168 in
905 1154 998 1174 posterum
1008 1157 1074 1168 conce-

135 1184 207 1201 dendis⁴
225 1184 345 1207 Indulgemus
362 1187 422 1201 tamen
439 1184 514 1205 decano,
532 1184 601 1201 cantori
618 1187 636 1201 et
652 1184 760 1201 cancellario
778 1184 895 1207 supradictis,
910 1188 930 1201 ut
945 1190 978 1207 per
994 1184 1072 1201 duorum

136 1218 225 1234 mensium
237 1217 318 1240 spacium
332 1217 384 1234 annis
400 1217 478 1240 singulis
491 1216 545 1234 liceat
558 1220 607 1234 extra
620 1217 706 1240 prefatam
719 1217 841 1234 Parisiensern
854 1217 950 1234 ecclesiam
963 1217 986 1234 ad
999 1223 1073 1240 pronio-

135 1251 203 1268 tionem
221 1251 337 1274 negotiorum
354 1256 429 1267 suorum
446 1250 504 1267 libere
522 1250 636 1271 commorari,
654 1250 677 1267 de
695 1250 791 1267 cotidianis
809 1250 969 1267 distributionibus
990 1251 1072 1273 ejusdem

135 1284 214 1301 ecclesie
224 1284 281 1301 nichil
291 1287 334 1301 tunc
347 1284 435 1307 temporis
446 1284 556 1307 percepturi.
567 1284 648 1307 Tempus
659 1289 702 1300 vero
714 1290 750 1306 quo
762 1284 858 1305 decanum,
869 1287 961 1301 cantorem
973 1287 992 1301 et
1003 1284 1072 1301 cancel-

135 1317 199 1334 larium
214 1317 314 1340 prelibatos
325 1323 358 1340 pro
371 1317 444 1340 capituli
456 1317 532 1340 sepesati
544 1317 624 1340 negotiis
636 1317 659 1334 de
671 1317 730 1340 ipsius
741 1317 814 1334 licentia
825 1317 900 1340 speciali
911 1317 995 1334 fortassis
1007 1317 1072 1334 abesse

135 1351 233 1374 contigerit
247 1350 269 1367 ab
285 1350 363 1367 ecclesia
375 1354 479 1372 memorata,
491 1351 509 1367 in
522 1348 585 1367 eadem
600 1350 699 1367 residentia
713 1353 835 1373 computetur,
848 1350 920 1373 ipsique
933 1350 1073 1368 distributiones

135 1384 236 1407 percipiant
249 1388 266 1401 et
279 1384 356 1401 habeant
370 1384 491 1407 supradictas,
503 1390 537 1401 nec
550 1384 602 1401 liceat
617 1384 748 1407 prenominatis
763 1384 839 1405 decano,
852 1384 921 1401 cantori
934 1387 953 1401 et
964 1384 1073 1401 cancellario

135 1417 190 1435 simul
203 1423 236 1440 per
248 1417 294 1434 duos
307 1423 380 1434 menses
393 1418 467 1434 eosdem
483 1424 502 1434 se
517 1418 539 1434 ab
554 1417 631 1434 ecclesia
646 1418 685 1440 ipsa
700 1417 838 1440 quomodolibet
852 1417 954 1438 absentare,
969 1421 998 1434 set
1012 1417 1073 1440 aliquo

136 1456 200 1468 eorum
213 1450 288 1467 absente
300 1450 367 1473 reliqui
378 1451 471 1467 resideant
481 1451 553 1468 interim
565 1451 583 1467 in
592 1451 661 1467 eadem.
674 1451 698 1468 Ut
708 1454 768 1468 autem
778 1451 884 1473 hujusmodi
896 1454 982 1468 statutum
994 1454 1012 1467 et
1025 1451 1073 1468 ordi>

135 1484 184 1500 natio
195 1487 257 1500 nostra
268 1483 324 1500 robur
337 1483 431 1500 obtineant
441 1487 529 1506 perpetue
540 1483 637 1504 firmitatis,
649 1490 683 1501 nos
693 1484 800 1501 anctoritate
810 1484 895 1507 predicta
907 1484 977 1501 irritum
990 1487 1007 1501 et
1019 1485 1072 1501 inane

196 1512 216 1525 1ο,
