1308 1835
207 199 260 220 '13461
415 209 438 219 An
454 209 507 220 Auno
524 208 639 220 mcccxxxvi
658 206 723 222 usqne
740 206 763 218 An
779 205 849 217 mmm
865 205 936 217 mcccc.
1106 203 1142 221 r579

209 244 281 265 vivat¹¹‚
292 245 368 261 attendit
378 244 417 267 ipsa
427 251 505 267 namque
518 244 605 261 solertius
617 245 666 268 quod
679 244 804 267 principaliter
815 249 824 260 a
834 243 873 260 Deo
884 242 940 260 missa
952 245 981 259 est
993 246 1067 266 propter
1077 250 1140 266 pecca—

209 280 259 294 tores
269 277 299 300 qui
310 277 356 294 male
365 277 448 294 habent¹¹
459 281 479 294 ut
490 277 549 300 ipsius
560 277 652 294 salubrius
662 278 699 299 (sic)
709 276 846 294 medicamentis
858 280 945 294 curentur
958 282 962 293 :
973 280 1069 299 eapropter
1082 277 1140 294 eidem

209 310 310 327 humillime
325 310 409 333 supplico
423 316 464 327 cum
479 310 578 333 gemitibus
593 310 700 331 lacrimosis,
716 314 735 327 ut
748 310 770 327 ad
783 316 811 327 me
824 311 888 328 oculos
899 316 932 328 sue
942 310 1140 333 sanctissime'pietatis

209 346 308 364 convertat,
320 346 340 360 ut
351 349 384 366 per
393 349 431 360 eam
445 349 478 360 sua
489 343 599 360 nitidissima
611 344 690 366 puritate
699 344 764 360 sordes
775 349 823 360 meas
833 344 900 365 abluat,
911 347 931 361 ut
940 343 1019 360 mundus
1031 344 1113 365 existam,
1123 346 1141 360 et

209 380 230 393 ut
241 382 269 393 me
280 376 302 393 ad
312 376 445 399 plenitudinem
457 382 490 393 sue
500 376 558 399 gratie
569 379 586 393 et
598 376 724 393 misericordie
736 377 818 399 recipere
831 377 923 400 dignetur,
935 377 1019 400 quatinus
1031 376 1053 393 ab
1065 376 1141 393 infinitis

210 409 295 431 miseriis,
306 410 325 426 in
335 409 402 432 quibus
413 409 483 432 positus
492 409 571 433 langueo
581 415 639 433 usque
650 409 672 426 ad
682 409 781 431 interitum,
791 410 859 426 valeam
871 410 961 427 efficacius
971 410 1051 427 liber-ari.

255 443 362 460 Beatissime
377 446 433 467 pater,
446 443 489 460 licet
501 449 536 467 ego
550 443 649 460 Nicholaus
663 443 686 460 de
699 443 798 460 Ultricuria
813 443 898 466 superius
913 443 972 467 posita
986 449 1023 460 non
1036 443 1141 467 scripserim

210 483 264 494 manu
277 483 323 498 mea,
336 483 358 494 eo
371 477 420 500 quod
432 477 491 494 littera
502 483 554 500 quam
568 483 602 500 ego
615 477 676 494 scribo
689 476 749 500 inepta
761 479 789 494 est
799 480 867 494 etcum
879 476 983 494 difficultate
996 480 1057 500 potest
1065 477 1109 500 legi,
1120 477 1142 494 de

209 510 302 528 voluntate
316 516 355 527 mea
369 511 436 534 scripta
446 514 495 532 sunt,
510 514 528 527 et
541 511 560 527 in
574 510 680 533 hujusmodi
695 510 721 527 rei
736 510 860 527 testimonium
877 510 923 526 hunc
940 509 1092 532 subscriptionem
1107 510 1142 527 feci

210 550 264 561 manu
274 550 314 561 mea
322 550 343 561 ac
354 544 408 561 etiam
418 544 437 561 in
447 544 510 561 eadem
520 544 598 567 apposui
607 543 689 567 sign‘llum
700 549 735 567 quo
747 547 793 561 utor.

615 590 660 608 Alia
671 590 738 608 cedula.

255 633 410 650 Reverendissimi
423 636 490 655 patres,
501 632 542 655 quia
555 633 689 650 dominationes
698 636 759 650 vestre
769 636 843 656 paterne
852 632 907 649 michi
917 631 999 653 Nicol'lao
1009 631 1032 648 de
1039 632 1144 653 UltricuriJa

210 669 333 689 preceperunt
342 669 361 683 ut
371 666 389 682 in
400 666 473 689 scriptis
486 665 539 683 vobis
552 666 642 683 traderem
657 666 723 683 motiva
734 669 810 689 propter
821 666 915 688 qu[asdam
926 665 1003 688 scilicet]
1013 665 1143 682 conclusiones

211 705 256 722 quas
270 699 336 722 scripsi
351 699 370 716 in
384 705 449 717 novem
465 699 548 722 epistolis
563 705 596 722 per
609 705 645 721 me,
660 700 732 722 quaudo
748 699 835 723 lesgeram
849 699 869 716 in
882 699 946 722 scoli]s
959 702 1021 716 contra
1036 698 1143 722 magistrum

211 733 323 750 Bernardum
341 733 363 750 de
380 733 447 754 Aretia,
465 732 540 750 Ordinis
558 733 640 755 ffratrum
659 733 757 754 Minor-uin,
773 734 832 755 atqu]e
849 733 957 750 desiderans
971 732 1037 749 vestris
1052 732 1143 755 preceptis

210 766 286 783 obedire
303 766 322 782 in
339 766 431 786 omnibus,
447 766 494 782 illud
510 766 624 789 pr[oceptum
641 766 660 782 in
677 769 762 789 quantum
781 767 862 789 po]ssum
878 766 969 790 adimpleo
985 766 1005 783 in
1022 765 1094 782 modum
1112 765 1143 788 qui

210 799 299 822 sequitur.
311 799 484 819 Reverendislsimis
492 798 573 821 patribus
581 802 644 816 notum
655 799 685 821 sit]
693 799 749 822 quod„
758 799 830 822 quando
841 799 927 822 magister
938 799 1041 816 Bernardus
1050 799 1143 822 predictus

210 836 229 849 et
237 838 272 855 ego
283 832 420 854 debui[ssemus
432 832 532 855 disputare,
545 832 704 854 conc]ordavimus
715 832 736 849 ad
747 832 824 850 invicem
834 833 944 856 disputando
957 833 1040 850 conferre
1051 833 1073 850 de
1084 832 1143 856 primo

210 867 310 888 cons[ensu
320 865 401 883 omnium
413 865 517 889 principio],
530 865 589 888 posito
598 871 608 882 a
618 865 728 889 philosopho
739 866 782 883 11110
796 866 921 889 Memphisice,
935 866 985 889 quod
997 870 1026 883 est
1036 871 1040 882 z
1053 873 1061 882 «
1072 867 1143 889 Impos-

210 899 264 916 sibile
278 902 305 916 est
318 899 388 922 aliquid
402 899 469 921 eudem
482 899 509 916 rei
523 898 592 922 inesse]
602 902 621 916 et
633 905 670 916 non
684 899 764 916 inesse¹¹
772 906 787 920 n,
801 899 894 923 loquendo
907 899 930 916 de
939 899 998 922 gradu
1010 899 1101 916 evidentie
1112 899 1143 922 qui

210 935 238 949 est
251 932 269 949 in
283 932 352 949 lumine
365 932 449 955 natur[ali
463 932 604 955 st]rictissimus.
619 932 662 949 Istis
675 932 777 955 suppositis
791 932 828 949 dixi
842 933 860 949 in
873 933 960 955 predictis
970 932 1061 956 epistolis,
1071 939 1093 949 eo
1105 933 1143 955 (sic)

210 966 259 989 quod
269 966 315 983 tales
327 966 457 983 conclusiones
471 971 504 982 nec
517 966 604 989 implicite
619 965 737 983 continebant
749 966 910 983 contradictionem
923 972 957 983 nec
969 966 1061 989 explicite,
1070 969 1091 983 ut
1100 969 1143 983 tunc

211 999 292 1016 dicebam
306 1005 360 1016 causa
372 999 481 1016 collationis*
496 999 518 1015 Et
530 999 549 1016 in
560 999 594 1016 hoc
607 999 692 1016 consistit
704 1002 761 1016 totum
774 999 861 1017 motivum
873 1000 922 1022 quod
933 1003 975 1016 tunc
985 999 1049 1020 hahui3
1062 999 1143 1022 predicta

210 1032 258 1049 enim
267 1038 305 1049 non
315 1032 356 1049 dico
366 1032 426 1049 animo
434 1032 544 1049 defendendi
554 1032 623 1055 aliquid
630 1032 681 1055 quod
690 1032 773 1054 dixerim,
781 1032 881 1055 quinimmo
889 1036 963 1055 paratus
970 1038 1011 1049 sum
1021 1033 1070 1049 omni
1079 1033 1142 1049 defen-

209 1066 261 1082 sione
273 1069 291 1082 et
301 1065 355 1082 etiarn
371 1065 493 1088 disputatione
507 1065 615 1088 postpositis
629 1071 722 1087 revocare,
736 1066 823 1089 quiequid
837 1066 953 1083 beatissimus
962 1069 1012 1088 pater
1027 1069 1044 1082 et
1058 1066 1142 1083 dominus

210 1103 273 1116 noster
289 1099 375 1116 dominus
387 1105 432 1122 papa
445 1099 546 1116 realissime
559 1098 645 1116 Clemens
657 1099 736 1122 simplici
751 1102 801 1116 motu
815 1099 902 1116 decernet
915 1105 943 1116 me
957 1104 999 1116 esse
1013 1099 1142 1120 revocandum,

210 1136 229 1150 et
237 1133 291 1150 etiam
303 1132 391 1156 quicquid
405 1132 538 1149 dominationes
552 1135 613 1150 vestre
629 1136 703 1155 paterne
716 1132 816 1149 decernent
824 1138 858 1155 per
868 1138 895 1149 me
906 1138 947 1150 esse
959 1132 1088 1150 revocandum.
1102 1132 1143 1149 Dixi

210 1166 266 1189 igitur
276 1166 357 1189 predicta
367 1166 446 1189 precise,
455 1169 476 1183 ut
487 1166 505 1183 in
516 1165 552 1183 hoc
562 1166 629 1183 vestris
638 1165 732 1183 obedirem
743 1165 838 1183 mandatis.

255 1211 277 1227 Et
287 1210 353 1228 deinde
363 1210 412 1228 dicto
422 1210 497 1234 negotio
507 1210 530 1227 ad
540 1210 644 1227 memoriam
656 1210 699 1227 dicti
710 1210 779 1227 domini
789 1210 847 1227 nostri
858 1216 904 1233 pape
914 1210 989 1227 reducto
1000 1210 1047 1227 idern
1058 1210 1143 1227 dominus

211 1248 273 1261 noster
283 1244 374 1261 commisit
383 1244 438 1261 nobis
450 1244 499 1261 dieto
512 1243 629 1265 Guillelinost
645 1244 672 1261 tit,
688 1243 793 1261 Sanctorum
809 1247 885 1267 quatuor
896 1243 1027 1261 Coronatorum
1040 1243 1143 1266 presbitero

210 1277 297 1294 cardinali
307 1278 381 1294 oraculo
390 1277 431 1295 vive
441 1278 498 1299 vocis,
509 1281 528 1295 ut
538 1283 572 1294 nos
582 1277 617 1294 soli
627 1277 701 1300 [vocatis
711 1277 733 1294 ad
744 1281 823 1294 nostram
831 1277 941 1300 presentiam
948 1276 1040 1300 aliquibus
1051 1277 1143 1300 magistris

209 1311 228 1327 in
238 1317 289 1328 sacra
296 1311 368 1334 pagina,
380 1311 402 1328 de
412 1311 479 1334 quibus
489 1311 589 1334 expediens
599 1311 698 1333 videretur)
712 1311 734 1328 de
747 1311 821 1334 negotio
832 1310 937 1334 supradicto
947 1313 966 1327 et
974 1316 1053 1333 persona
1065 1310 1144 1334 predicti

209 1344 292 1367 magistri
301 1344 371 1361 Nicolai
381 1344 403 1361 de
413 1344 511 1362 Ultricuria
521 1350 558 1367 quo
568 1344 590 1361 ad
597 1350 653 1368 penas
661 1347 679 1361 et
686 1344 720 1361 alia
733 1344 785 1366 (visis
795 1348 813 1361 et
822 1344 912 1361 discussis
922 1344 1007 1367 primitus
1017 1347 1035 1361 et
1045 1344 1144 1367 diligenter

210 1378 283 1395 attentis
298 1377 346 1401 ipsis
360 1377 442 1395 articulis
454 1384 475 1395 ac
489 1377 642 1401 responsionibus
661 1381 679 1395 et
697 1377 850 1395 declarationibus
865 1377 924 1400 ipsius
938 1378 1020 1401 magistri
1039 1378 1108 1395 Nicolai
1121 1377 1143 1394 ad

210 1417 242 1428 eos
255 1411 365 1432 subsecutis,
380 1417 452 1428 necnon
465 1414 483 1428 et
495 1411 614 1434 processibus
628 1417 685 1434 super
696 1411 765 1428 eisdem
778 1411 822 1428 alias
834 1411 901 1428 habitis
912 1417 933 1428 ac
942 1411 1034 1428 contentis
1043 1411 1062 1428 in
1072 1412 1143 1428 duabus

210 1444 281 1462 cedulis
293 1450 326 1467 per
340 1450 380 1461 eum
394 1444 472 1466 traditis,
484 1448 505 1461 ut
513 1445 612 1467 prefertur)
623 1445 673 1467 juxta
688 1444 811 1467 predictorum
824 1445 953 1468 magistrorum
963 1444 1060 1462 eonsilium
1070 1445 1143 1462 ordina-

211 1483 280 1497 remus,
290 1481 308 1494 et
318 1477 451 1495 ordinationem
462 1477 538 1495 eandem
548 1483 581 1494 sue
592 1478 702 1495 referremus
713 1478 783 1501 post[en
793 1478 899 1500 presentie}
