1308 1835
153 209 190 225 '398
391 216 405 226 «ι
450 213 609 226 αιῑΛκτυιΔιιιυΜ
625 213 720 225 uuivnns.
738 214 803 225 Panis,
1042 208 1093 227 [1332

152 251 241 274 ejusdem
251 251 298 271 diei„
306 251 422 274 pontificatus
431 250 500 267 domini
512 250 570 267 nostri
579 256 625 273 pape
636 245 712 273 predicti
722 256 769 267 anno
777 251 848 267 decimo
857 253 914 271 sexto,
922 257 983 267 comm
990 251 1092 268 reverendo

154 284 177 302 ,in
186 284 260 301 Christo
271 287 321 306 patre
333 287 349 301 et
360 283 434 301 domino
445 283 519 301 domino
529 284 614 306 Hugone,
624 284 658 300 Dei
668 283 726 306 gratia
735 283 833 300 Parisiensi
844 284 937 307 episcopo,
945 283 1009 306 judice
1018 284 1073 301 unico
1083 289 1093 300 a

156 318 231 335 domino
246 323 290 340 papa
304 323 360 340 super
373 317 469 340 premissis
484 317 530 338 dato,
546 320 565 334 ut
578 317 675 340 prefertur,
690 317 709 334 in
722 317 776 334 domo
792 317 907 334 habitaiionis
923 317 1006 340 ejusdem
1023 317 1093 335 domini

156 350 246 374 episcopi,
257 350 275 367 in
285 350 366 368 claustro
376 350 483 371 Parisiensi,
492 350 557 367 in'mei
568 350 634 368 notarii
643 350 710 374 publici
722 354 739 368 et
748 351 822 368 testium
836 351 882 367 infra
895 350 1005 374 scriptorum
1017 350 1093 374 presen-

157 384 187 402 tia.
198 383 320 407 personaliter
331 383 478 407 comparentibus
489 387 506 401 et
516 384 617 401 astantibus
628 385 681 401 dictis
691 384 799 401 cancellario
809 388 827 401 et
837 384 923 407 magistro
934 385 987 401 Petro
998 384 1019 401 de
1030 384 1093 407 Capite

156 418 225 440 Stagno
236 423 269 440 pro
279 423 300 434 se
309 417 363 440 ipsis,
373 423 396 434 ex
404 423 439 434 una
451 419 507 440 parte,
518 421 535 434 et
545 418 631 434 Guidone
641 417 701 438 Fabri,
711 417 785 438 clerico,
797 421 920 440 procuratore,
931 420 949 434 et
962 417 1093 440 procuratoriis

157 450 263 467 nominibus
273 449 364 467 facultatis
374 454 392 467 et
401 452 503 467 ceterorum
515 451 643 473 magistrorum
654 451 784 473 predictorum,
799 454 817 467 et
831 457 864 473 pro
879 451 931 474 ipsis,
943 457 963 467 ex
979 450 1012 467 alia
1026 454 1076 473 parte
1088 456 1092 467 τ

156 483 216 500 dictus
226 484 312 500 dominus
320 484 419 506 episcopus
433 484 550 504 Parisiensis,
563 489 596 506 pro
612 483 661 500 bono
675 483 724 506 pacis
738 484 866 507 etfconcordssie
881 484 956 506 partium
971 484 1092 507 predictarum

156 517 233 541 cupiens
243 520 261 533 et
270 516 336 534 volens
345 523 378 540 pro
389 523 444 540 posse
455 517 504 539 ipsas
516 520 576 539 partes
585 516 607 533 ad
617 516 734 533 concordiam
742 516 839 536 deducere,
850 520 866 533 et
874 517 900 533 eis
909 522 983 539 parcere
990 516 1093 537 laboribus,

155 550 205 567 odiis
218 553 237 567 et
250 550 345 573 expensis3
357 550 424 567 habitis
433 550 488 566 etiam
497 555 554 572 super
563 549 659 572 premissis
673 555 713 566 curn
721 549 834 572 jurisperitis
845 553 863 566 et
876 549 917 566 aliis
929 549 964 566 fide
976 550 1037 572 dignis
1051 556 1093 573 per-

156 583 209 600 sonis
218 583 336 604 consiliosjff
347 589 403 606 super
413 582 498 599 omnibus
509 585 527 606 et
537 582 616 606 singulis
631 586 665 599 nm
681 583 768 605 predictis
780 589 832 606 quam
848 583 889 599 aliis
902 582 1001 599 discordiis
1015 583 1093 606 pai-tium

156 616 278 639 predictarum
291 620 309 633 et
318 616 392 639 utrique
401 616 448 638 parti
458 616 584 637 adherentium
594 616 747 639 quibuscumque,
758 616 826 633 dictum
841 622 894 633 suum
908 622 941 633 seu
954 622 1006 633 suam
1019 619 1093 633 senten-

157 650 199 666 tiam
210 653 228 667 et
238 650 377 669 ordinationem,
388 649 406 665 in
417 649 493 671 quadam
503 649 596 670 cedula,...
608 653 691 672 tanquam
700 649 757 672 judex
773 655 783 666 a
798 649 842 666 sede
853 649 952 672 apostolica
961 649 1064 672 delegatus,
1076 653 1095 666 et

158 686 241 705 tanquam
252 683 357 699 ordinarius
367 682 410 699 dicti
422 682 463 703 loci,
478 685 551 705 tamque
560 683 667 699 auctoritate
679 682 778 705 apostolica
793 688 844 705 quain
860 682 957 703 ordinaria,
972 688 1025 705 quam
1036 680 1092 699 'etiam

157 722 179 733 ex
188 719 277 739 potestate
288 716 324 733 sibi
334 722 343 732 a
353 716 407 732 dictis
418 715 499 738 partibus
510 715 556 732 data*
567 719 587 732 ut
596 715 674 737 dicebat,
685 716 811 738 pronunciavit
822 716 839 732 in
851 716 924 738 scriptis
933 716 952 732 in
962 716 1036 732 moduni
1047 719 1065 732 et
1075 716 1094 732 in

157 748 232 766 formam
243 749 274 772 qui
283 749 368 772 sequitur
378 748 454 772 per'liec
463 749 519 765 verba
530 755 533 765 :
961 747 963 750 “

203 790 211 798 «
221 783 265 803 Nos,
276 783 305 802 Hi,
319 782 441 805 permissione
454 778 514 799 divina
526 782 624 805 episeopus
639 782 754 803 Parisiensis,
769 783 833 799 unicus
844 782 900 805 judex
914 788 924 799 a
936 782 981 799 sede
993 783 1093 806 apostolica

158 816 255 839 deputatus
266 822 321 839 super
332 815 430 833 discordiis
440 821 472 833 seu
484 815 615 833 controversiis
630 816 683 833 motis
694 816 741 833 inter
751 816 809 833 virum
825 815 947 833 venerabilem
961 820 979 833 et
994 816 1094 833 discretum

158 850 265 872 :nagistrum
275 848 394 866 Guillelmum
409 849 432 866 de
442 849 532 870 Narbona,
544 849 671 866 cancellarium
686 849 814 870 parisiensem,
829 852 848 866 et
861 849 967 872 magistrum
983 850 1055 866 Petrum
1071 849 1093 866 de

157 882 220 905 Capite
231 883 300 905 Stagno
309 886 328 899 et
338 883 447 899 adherentes
458 882 527 899 eisdem
537 882 648 905 conjunctim
659 882 687 899 vel
698 882 777 900 divisim.
789 888 810 899 ex
820 888 855 899 una
862 886 922 905 parte3
931 886 949 899 et
956 886 1093 905 procuratorem

157 915 247 933 facultatis
258 916 348 933 medicine
359 916 475 937 Parisiensis,
487 919 504 933 et
517 916 615 939 magistros
629 916 740 939 Raynaldum
750 916 773 933 de
783 916 899 936 Cornemara,
914 916 1002 933 decanum
1016 916 1038 933 ad
1052 922 1094 939 pre-

158 955 201 966 sens
212 949 259 966 dicte
269 949 366 971 facultatis,
378 949 498 966 Mnintredum
510 949 531 966 de
542 949 652 970 Mediolano,
661 949 762 966 Johannem
770 949 820 972 Pipe,
828 949 927 966 Johannern
936 949 958 966 de
967 950 1011 972 Dya,
1019 949 1093 966 Petrum

157 982 181 999 de
193 982 285 1003 Alvernia,
302 982 404 1005 Philippum
420 982 442 999 de
457 982 519 1002 Curia,
534 982 644 1005 Stephanum
659 982 681 999 de
696 983 785 1005 Ncgento,
801 982 912 1004 Stephanum
926 982 949 999 de
967 982 1093 1003 Calvomonte,

157 1015 244 1032 Jacobum
254 1015 277 1032 de
287 1015 394 1036 Cantarnna,
405 1015 511 1032 Gratianum
522 1015 545 1032 de
555 1015 620 1035 Brixia,
632 1015 746 1038 nadulphum
757 1014 843 1036 Pinchou,
855 1018 873 1032 et
883 1016 954 1032 Petrum
970 1015 992 1032 de
1008 1015 1094 1033 Fontanis

158 1052 177 1066 et
189 1049 217 1066 eis
231 1048 347 1069 adherentes,
363 1048 473 1071 conjunctim
488 1049 518 1066 vel
532 1049 612 1069 divisim,
627 1054 649 1065 ex
662 1048 717 1066 altera
732 1052 782 1072 parte
794 1052 843 1065 :tam
856 1055 878 1066 ex
891 1052 980 1071 potestate
993 1049 1094 1072 apostolica

158 1081 212 1099 nobis
221 1082 241 1099 in
250 1081 283 1099 hac
294 1085 344 1105 parte
354 1082 458 1103 commissa,
468 1088 522 1105 quam
532 1082 629 1103 ordinaria,
641 1088 694 1105 quam
704 1082 758 1099 etiam
767 1088 776 1099 a
787 1082 840 1099 dictis
851 1082 931 1105 partibus
942 1080 1051 1103 nobis-iata,
1060 1080 1093 1105 pro

158 1115 207 1132 bono
221 1115 271 1138 pacis
285 1115 371 1136 dicimus,
386 1115 492 1132 ordinamus
506 1119 524 1132 et
538 1115 630 1136 volumus,
644 1115 694 1138 quod
708 1119 769 1138 partes
782 1115 863 1138 predicte
882 1115 1094 1138 renuntientjinstantiis

158 1148 217 1166 litium
234 1155 267 1166 seu
283 1149 449 1166 controversiarum
467 1149 515 1165 inter
531 1155 551 1165 se
566 1152 662 1169 motarum,
679 1152 697 1166 et
712 1155 735 1165 ex
750 1155 799 1165 nunc
816 1155 849 1172 pro
865 1148 1100 1171 renunciatis'E-hnbemus,>

158 1188 259 1205 omnesque
270 1188 375 1205 processus,
386 1188 441 1204 super
452 1181 537 1199 omnibus
552 1182 622 1203 litibus,
638 1182 685 1199 inter
699 1182 756 1199 dictas
770 1185 831 1205 partes
845 1182 906 1202 motis,
920 1182 978 1199 factos
990 1185 1009 1198 et
1021 1181 1094 1199 habitos

158 1221 251 1232 cassamus
262 1218 280 1232 et
289 1216 363 1238 penitus
373 1214 497 1236 annullamus,
512 1215 562 1236 item,
578 1218 595 1232 et
610 1215 659 1238 quod
674 1215 734 1232 omnia
746 1215 828 1235 crimina,
842 1215 885 1231 hinc
895 1218 913 1231 et
922 1215 965 1231 inde
978 1215 1026 1232 inter
1036 1215 1094 1232 dictas

159 1252 219 1271 partes
230 1249 330 1271 proposita,
340 1248 388 1265 dicte
398 1251 459 1270 partes
469 1248 504 1264 sibi
515 1248 537 1265 ad
547 1248 624 1265 invicem
639 1248 713 1265 omnino
728 1248 825 1268 remittant,
838 1251 856 1264 et
867 1254 890 1265 ex
898 1254 947 1265 nunc
961 1254 995 1271 pro
1010 1248 1094 1265 remissis

158 1281 252 1302 habemus,
267 1285 284 1298 et
294 1282 342 1304 quod
352 1284 416 1298 neutra
427 1281 503 1303 partium
515 1281 605 1309 nec-alius
614 1281 731 1304 quicumque,
740 1281 835 1298 occasione
843 1281 982 1304 premissorum,
990 1287 1022 1304 per
1030 1287 1094 1304 quem-

159 1321 237 1338 cumque
247 1315 266 1331 in
275 1315 356 1331 futurum
367 1314 430 1337 impeti
442 1314 501 1331 valeat
515 1320 548 1331 seu
558 1314 612 1331 etiain
622 1314 720 1331 molestari.
733 1315 783 1336 Item,
795 1321 816 1331 ex
826 1315 887 1336 certis,
899 1315 956 1337 justis
968 1318 987 1332 et
1001 1315 1094 1332 rationali-

158 1348 193 1364 bus
204 1348 271 1366 causis,
285 1353 321 1370 que
335 1353 369 1364 nos
380 1350 455 1364 movent
467 1350 487 1363 et
495 1353 569 1364 movere
580 1347 653 1368 debent,
668 1347 759 1364 licentiam
773 1347 832 1364 datam
845 1348 926 1365 Guidoni
941 1348 963 1365 de
978 1348 1056 1365 Navarra
1072 1348 1094 1365 ad

160 1381 255 1404 practicam
267 1381 326 1398 solum
337 1387 384 1398 anno
397 1380 469 1397 Domini
480 1380 578 1397 millesimo
587 1381 716 1398 trecentesimo
727 1381 827 1402 tricesimo,
836 1387 899 1398 mense
910 1381 959 1402 Julii,
971 1384 989 1398 et
1001 1381 1093 1398 licentiam

160 1420 183 1438 po
191 1418 202 1431 ¹-t
216 1414 274 1431 datam
284 1414 362 1432 Alsonso
371 1414 395 1431 de
404 1414 508 1437 Portugalia
519 1414 542 1431 ad
551 1413 649 1431 theoricam
664 1417 681 1431 et
691 1414 787 1437 practicam
800 1420 847 1431 anno
861 1414 933 1431 Domini
946 1414 1044 1431 millesimo
1056 1417 1094 1431 tre-

159 1448 259 1465 centesimo
273 1448 382 1469 tricesimo¹,
397 1453 461 1464 mense
472 1448 559 1469 Januariie
570 1447 692 1471 permittimus
707 1451 725 1465 et
738 1453 771 1471 pro
785 1448 880 1471 permissis
892 1447 987 1465 habemus,
1002 1447 1094 1465 Volumus

161 1485 219 1498 tamen
230 1485 248 1498 et
257 1481 370 1503 ordinamus,
384 1481 433 1504 quod
443 1480 534 1503 predictas
545 1481 628 1498 licentias
638 1480 667 1498 vel
681 1480 814 1498 ordinationem
828 1484 938 1503 presentem,
953 1487 986 1498 sen
1001 1480 1036 1498 alia
1049 1487 1094 1504 que-
