1308 1835
163 216 194 233 126
457 223 615 234 enutrivi-amun
632 223 727 242 {tiuvinus⁴
745 223 810 234 rmus⁴
1047 217 1097 236 [1308

207 259 235 276 Ad
246 260 336 282 p[rimu]m
346 265 382 282 quo
395 259 490 282 q[uerit]ur
501 263 561 276 utrum
575 259 660 282 princeps
673 259 761 276 secularis
773 260 832 282 possit
844 260 934 276 hereticos
947 265 1019 282 capere,
1030 260 1097 276 exami-

162 298 206 309 nare
220 292 249 309 vel
264 292 336 315 punire,
351 292 430 309 dicimus
444 292 493 315 quod
507 292 562 309 nobis
576 292 649 309 videtur
663 292 712 315 quod
727 292 825 309 auctoritas
836 292 904 315 judicis
922 292 1011 309 secularis
1024 299 1062 309 non
1077 298 1096 310 se

163 325 245 342 extendit
253 325 277 342 aei
287 325 392 342 faciendum
402 331 509 348 processum
522 325 599 348 aliquem
613 325 631 342 in
641 325 687 342 sacto
697 325 769 342 heresis
778 329 841 342 contra
851 325 929 348 aliquem
939 332 977 342 non
989 325 1096 342 derelictum

162 359 185 375 ab
195 358 279 380 ecclesia,
294 358 331 375 nisi
344 358 422 375 ecclesia
432 358 535 381 requirente
548 358 578 375 vel
589 358 683 381 requisita=
697 359 733 375 nisi
748 359 820 382 quando
833 358 907 376 evidens
918 362 936 375 et
946 359 1036 375 notorium
1049 359 1097 382 peri-

162 392 222 409 eulum
239 392 348 413 immineret,
364 392 382 409 in
396 398 432 415 quo
446 398 489 409 casu
504 392 538 409 sub
554 398 586 415 spe
599 395 648 409 certa
663 392 796 410 ratihabitionis
810 392 853 409 licet
870 392 954 415 potestati
971 392 1050 409 seculari
1065 398 1097 409 eos

162 431 234 448 capere,
245 431 285 442 cuin
296 425 390 449 proposito
404 425 494 442 reddendi
504 425 582 443 ecclesie
592 426 682 449 quamcito
692 426 779 443 obtulerit
790 432 809 443 se
819 426 900 443 facultas⁴
912 426 949 442 Nec
958 425 1031 442 videtur
1043 425 1097 443 nobis

162 458 212 482 quod
222 465 245 476 ex
253 458 313 482 aliqua
324 458 431 476 auctoritate
444 459 487 476 novi
500 458 529 476 vel
541 459 609 476 veteris
621 459 732 476 Testamenti
744 465 831 482 expresse
843 459 901 482 possit
911 458 974 476 haberi
986 458 1035 482 quod
1047 458 1097 482 prin-

162 498 206 515 ceps
217 492 306 509 secularis
315 492 369 509 aliter
378 498 398 509 se
408 492 473 509 debeat
487 493 607 509 intromittere
620 493 643 509 de
655 493 731 509 crimine
743 493 854 515 supradicto.
867 493 921 514 Quod
933 496 993 509 autem
1003 493 1053 516 juxta
1062 492 1097 509 hoc

163 525 257 548 q[uerit]ur
273 529 334 542 utrum
344 526 360 542 si
370 526 419 548 quod
427 526 459 548 jus
468 526 561 548 principes
570 525 639 542 habere
648 525 754 542 viderentur
765 531 797 548 per
806 529 859 542 vetus
868 526 1005 542 Testamentum
1014 526 1033 542 in
1043 531 1096 542 eausa

163 558 207 575 dicti
217 559 305 579 criminis,
315 565 348 582 per
358 565 425 576 novum
433 559 567 575 Testamentum
579 558 597 575 in
606 558 666 581 aliquo
677 558 700 575 sit
710 558 820 579 restrictum,
829 558 929 580 d[ici]m[u]s
939 559 989 581 quod
999 559 1016 575 si
1022 562 1098 575 vocetur

163 592 253 609 restrictio
267 592 358 609 revocatio
371 592 496 615 cujuscunque
509 591 570 608 statuti
583 591 612 608 vel
620 592 675 614 juris,
685 591 770 609 habentis
779 592 864 609 virtutem
876 592 936 609 solum
949 598 971 609 ex
983 592 1097 609 institutione

162 625 211 649 legis
222 625 297 645 veteris,
310 631 364 642 omne
376 625 411 642 talo
425 628 453 642 est
466 625 485 642 in
499 625 547 648 legis
562 631 609 642 nove
621 628 703 648 tempore
717 625 744 642 sic
759 625 867 646 restrictum,
882 625 930 648 quod
942 625 1028 643 videlicet
1041 629 1097 642 totum

163 658 212 681 quod
226 658 280 675 habet
294 658 379 675 virtutem
395 664 416 675 ex
431 658 469 675 sola
484 658 601 676 institucione
615 658 663 682 legis
677 659 751 679 veteris=
767 659 826 676 estin
837 659 880 676 novi
892 659 1004 676 Testamenti
1016 662 1098 682 ternpore

162 695 273 709 revocatum.

208 725 236 742 Ad
249 725 349 742 secundum
361 724 461 748 principale
471 725 520 748 quod
530 725 630 748 q[uerit]ur,
642 728 701 742 utrum
712 725 815 749 Templarii,
828 726 868 748 quia
878 725 946 742 milites
956 729 1005 747 sunt,
1019 726 1055 742 sint
1065 731 1098 748 pro

163 764 200 775 non
212 758 305 781 religiosis
315 761 334 775 et
341 764 377 775 non
386 759 475 781 exemptis
484 758 570 779 habendi,
580 759 656 776 dicimus
665 759 714 782 quod
721 759 775 776 nohis
783 759 861 780 videtur,
870 759 920 782 quod
927 759 993 776 milicia
1001 759 1023 776 ad
1032 759 1098 776 deffen-

162 792 233 808 sionem
244 791 286 808 fidei
297 791 378 809 ordinata
389 795 456 808 statum
465 792 561 815 religionis
571 798 608 809 non
618 792 700 815 impedit,
711 795 729 809 et
738 792 787 815 quod
797 792 841 809 tales
853 792 919 809 milites
929 795 991 809 votum
1002 792 1098 815 religionis

163 825 245 842 institute
255 825 277 842 ab
287 825 365 842 eeclesia
375 825 482 848 profitentes
492 831 525 848 pro
535 825 628 848 religiosis
639 825 701 842 haberi
711 825 790 842 debeant
800 829 817 842 et
825 826 919 848 exemptis⁴
928 825 947 842 Si
955 826 986 848 qui
994 829 1053 842 autem
1061 831 1098 842 non

162 858 246 875 fecerunt
253 858 307 875 talem
315 858 457 881 professionem,
465 858 497 875 sed
506 858 564 875 solum
573 858 702 882 obligaverunt
709 865 728 876 se
736 859 759 875 ad
767 858 814 875 illam
825 859 903 875 heresim
914 858 1052 880 observandarm
1061 865 1099 875 non

163 895 206 908 sunt
216 892 299 915 religiosi
310 897 343 909 nec
353 898 386 915 pro
399 892 492 914 religiosis
503 891 589 909 habendi*
603 892 621 909 Si
634 895 693 909 tamen
707 892 731 909 sit
740 892 814 909 dubium
827 895 886 908 utrum
896 892 922 909 sic
932 892 1012 915 professi
1023 892 1098 912 suerint.v

162 925 185 942 ad
198 925 294 942 ecelesiam
307 931 342 948 que
355 925 437 948 ipsorum
450 925 558 949 religionem
571 925 650 942 instituit
661 925 713 942 istam
725 931 798 942 causam
810 925 889 948 pertinet
901 925 1005 942 terminare.
1019 925 1099 942 Racione

163 962 223 976 tamen
236 959 317 976 criminis
332 962 397 980 totum,
410 959 460 982 quod
472 959 542 976 crimen
555 959 618 982 tangit,
629 959 709 982 pertinet
721 959 743 976 ad
756 958 852 976 ecclesiam
863 959 882 975 in
892 965 1000 982 quacunque
1013 964 1098 982 persona,

163 992 228 1013 donec„
240 996 259 1009 ut
269 992 371 1015 predictum
381 996 415 1013 est,
426 992 481 1009 suerit
490 992 512 1009 ab
523 992 599 1009 ecclesia
609 992 702 1009 derelicta.

208 1026 235 1042 Ad
250 1025 332 1047 tertium,
343 1026 415 1048 quando
426 1026 509 1048 queritur
524 1029 583 1042 utrum
598 1029 674 1049 propter
690 1026 814 1049 suspicionem
829 1032 864 1048 que
878 1025 955 1042 habetur
972 1031 993 1042 ex
1009 1026 1098 1042 confessa-

162 1059 244 1076 Lionibus
255 1059 292 1082 jam
305 1059 357 1076 factis
369 1059 419 1076 Ordo
432 1059 497 1076 debeat
508 1059 610 1082 reprobari,
623 1059 701 1076 dicimus
713 1059 769 1082 quod„
783 1065 824 1076 cum
836 1065 858 1076 ex
867 1059 904 1082 jani
915 1059 966 1076 sactis
978 1059 1098 1076 consessatio-

163 1092 218 1109 nibus
227 1092 315 1109 habeatur
324 1092 425 1109 vehemens
435 1092 516 1115 suspicio
526 1096 589 1109 contra
598 1098 663 1109 omnes
673 1093 696 1109 de
706 1092 775 1110 Ordine
785 1093 834 1115 quod
842 1093 879 1109 sint
887 1092 961 1109 heretici
971 1092 1000 1109 vel
1010 1092 1097 1114 fautores,

162 1129 206 1148 puta
220 1131 256 1142 non
271 1126 374 1143 accusando
387 1125 416 1142 vel
431 1131 468 1142 non
482 1125 592 1142 notificando
607 1125 693 1146 ecclesie,
709 1131 749 1142 cum
767 1125 865 1143 vehemens
881 1126 994 1148 presumptio
1011 1125 1099 1142 habeatur

163 1159 212 1181 quod
223 1159 321 1182 predictam
333 1159 412 1176 heresim
423 1159 486 1182 vigere
498 1158 518 1175 in
529 1159 598 1176 Ordine
609 1159 713 1176 nullatenus
727 1159 839 1182 ignorarent,
855 1159 950 1182 presertim
962 1165 1004 1175 cum
1016 1159 1099 1182 magistri

162 1192 222 1209 tocius
237 1192 312 1209 Ordinis
327 1196 346 1210 et
360 1192 390 1209 alii
405 1192 484 1215 majores
498 1195 517 1209 et
529 1192 560 1215 qui
573 1192 636 1215 plures
651 1192 670 1209 in
683 1192 753 1209 Ordine
767 1195 876 1215 receperunt
890 1195 908 1209 et
924 1192 954 1208 alii
971 1192 1099 1215 quamplurimi

162 1225 231 1242 crimen
245 1225 350 1248 hujusmodi
365 1226 402 1243 sint
414 1226 501 1247 confessi,
512 1225 567 1242 debet
579 1225 613 1243 11οο
627 1225 711 1242 sufficere
723 1225 745 1242 ad
754 1225 892 1248 {reprobandum
904 1225 992 1242 Ordinem
1005 1226 1023 1242 in
1037 1225 1098 1242 odium

162 1264 281 1281 personarunt
298 1258 328 1276 vel
344 1258 367 1275 ad
383 1258 512 1282 inquirendum
530 1262 592 1276 contra
610 1262 666 1276 totum
682 1258 770 1276 Ordinem
788 1258 813 1276 sic
831 1258 903 1282 publice
918 1259 941 1276 de
957 1262 1007 1276 tanto
1022 1259 1098 1276 erimine

163 1291 281 1309 diffamatum.
554 1311 556 1313 ¹

208 1325 236 1342 Ad
246 1329 337 1348 quartum,
347 1326 421 1348 quando
432 1325 514 1348 queritur
527 1325 549 1342 de
562 1331 599 1342 non
612 1326 703 1342 confessis
715 1326 744 1342 vel
756 1332 794 1342 non
805 1326 894 1343 convictis
906 1326 951 1349 quid
963 1326 987 1343 de
997 1326 1031 1347 eis,
1042 1326 1057 1343 si
1068 1326 1098 1349 qui

163 1359 209 1376 tales
218 1359 292 1380 fuerint,
306 1359 330 1376 sit
341 1359 439 1383 agendum,
450 1359 528 1385 dicimus
540 1359 589 1382 quod
602 1365 643 1376 cum
654 1359 753 1377 vehemens
766 1359 789 1376 sit
801 1359 914 1383 presumptio
926 1363 989 1377 contra
1002 1365 1065 1377 omues
1076 1359 1098 1376 de

163 1392 240 1414 Ordine,
257 1396 277 1410 ut
289 1392 358 1410 dictum
371 1396 405 1414 est,
421 1393 455 1410 etsi
468 1393 513 1410 tales
529 1399 565 1410 non
580 1393 616 1410 sint
628 1396 649 1410 ut
662 1393 738 1410 heretici
751 1393 903 1416 condempnandi,
917 1399 958 1410 cum
971 1399 1005 1410 nec
1018 1393 1098 1410 confessi

163 1425 231 1443 suerint
250 1432 282 1443 nee
304 1426 391 1447 convicti„
409 1430 469 1443 tamen
486 1427 526 1449 quia
544 1427 619 1443 multum
637 1426 737 1443 timendum
754 1429 782 1443 est
799 1426 821 1443 de
837 1427 865 1443 eis
882 1430 956 1449 propter
975 1426 1098 1449 suspicionem

163 1459 269 1482 predictam,
279 1459 351 1476 videtur
361 1459 415 1477 nobis
425 1460 451 1476 sic
461 1460 488 1477 eis
498 1466 539 1477 esse
550 1460 648 1477 salubriter
659 1459 798 1483 providendum,
809 1460 858 1482 quod
872 1460 894 1476 de
904 1459 1009 1476 infectionis
1022 1459 1098 1476 alioruin

163 1493 246 1516 periculo
255 1496 345 1510 caveatur*
