1308 1835
206 216 254 234 1316]
407 223 430 233 ΑΒ
447 223 499 234 v«mm
517 222 634 234 ncczxxxvi
651 222 717 237 usque
735 222 759 233 ao
775 222 845 233 >innon
861 222 933 233 meent.
1106 220 1137 236 185

205 259 321 276 scientiarum
336 259 416 275 omnium
430 259 512 276 notitiam
526 259 619 276 obtinebat
635 263 652 276 et
666 259 771 282 penetrabat
788 259 863 276 archana
880 259 984 276 intellectus
1001 259 1137 282 perspicacitate

205 292 305 312 celestium,
322 292 348 308 sic
362 292 442 308 cecitatis
456 295 474 308 et
486 292 587 315 ignorantie
604 292 688 309 tenebras
702 292 800 314 pertulisse
811 296 830 309 ut
841 292 957 309 scientiarum
970 292 1017 308 dona
1029 292 1090 309 forent
1102 292 1137 309 sibi

205 324 256 341 duris
267 325 353 341 conclusa
362 324 461 347 signaculis
472 325 589 347 prepediente
600 325 647 341 mole
658 328 730 342 terrene
740 325 833 348 caligini&
845 329 862 342 et
872 325 937 342 nolens
949 325 999 348 quod
1011 328 1092 342 creatura
1102 328 1136 341 tam

205 357 278 378 nohssis,
288 364 341 380 quam
350 357 399 374 velut
407 357 521 374 similitudini
532 363 565 374 suc
575 358 687 374 conformem
695 358 785 374 minuerat
794 358 848 380 paulo
856 358 916 375 minus
923 358 946 375 ab
953 358 1024 381 angelis
1035 358 1136 380 ignorantie

206 390 282 407 ruditate
299 390 396 407 vilesceret
408 390 481 407 :voluit
496 389 587 406 hominem
606 390 723 407 scientiarum
740 390 828 407 doctrinis
845 394 862 407 et
879 391 944 408 artium
960 391 1037 408 erudiri.
1053 391 1089 407 Per
1104 390 1137 407 has

205 423 277 446 quidem
296 423 367 440 diversa
384 429 452 446 genera
467 423 571 445 linguarum
588 426 607 440 et
620 423 696 440 dissona
710 422 803 440 latinitatis
820 423 877 446 gratia
893 424 912 440 in
928 424 1019 440 sermonis
1036 424 1136 446 prolatione

205 456 321 478 conveniuntv
337 460 355 473 et
367 459 428 479 preter
442 456 506 473 artium
519 455 619 473 liberalium
634 456 724 479 dogmata.
735 462 767 479 per
779 462 814 479 que
825 456 914 479 gradatim
924 457 947 473 ad
959 457 1075 474 scientiarum
1090 457 1136 474 noti-

205 490 246 506 tiam
257 490 369 512 pervenitur,
383 490 435 506 datur
443 489 491 512 juris
503 490 598 512 utriusque
611 489 692 512 cognitio
705 495 737 512 per
747 494 799 512 quam
813 489 922 506 dirimuntur
935 490 996 512 jurgia
1007 493 1023 507 et
1036 490 1136 507 redduntur

205 522 323 545 quibuslibet,
333 528 367 545 que
378 526 421 539 sunt
430 528 468 539 sua.
480 523 514 539 Per
522 523 555 540 has
566 523 618 540 etiam
631 522 652 539 ad
663 528 755 539 sacrarum
762 522 866 539 ascenditur
876 522 988 539 altitudinem
1000 523 1136 545 scripturarum,

204 559 222 572 et
231 555 325 572 vivificans
333 561 399 572 sensns
410 562 431 572 ex
441 556 486 578 ipsis
496 556 568 572 elicitur
578 556 633 572 multa
643 555 711 572 ibidem
719 555 829 572 obscuritate
839 555 944 572 conclusus⁴
954 556 1011 572 Tanta
1018 555 1078 578 itaque
1090 556 1135 572 dona

204 588 277 605 celestia
293 588 444 611 predecessorum
461 592 563 605 vestrorum
580 589 677 606 recolenda
695 588 790 612 prudentia
806 588 897 605 caritative
914 588 1042 609 considerans,
1058 594 1079 604 ex
1093 588 1136 605 viris

204 621 321 638 scientiarum
333 622 443 638 fecunditate
455 622 568 644 pollentibus
577 622 667 644 privatum
681 622 811 645 publicumque
823 621 891 638 bonum
901 621 999 644 provenire
1011 621 1135 644 conspiciens;

203 655 299 671 attendens
307 654 360 671 etiarn
368 654 439 671 felicem
448 661 489 672 esse
497 655 635 678 rempublicam,
643 661 678 678 que
686 661 696 672 a
703 655 817 678 sapientibus
827 655 897 678 regitur
904 661 907 671 :
914 655 1031 672 scientiarum
1041 654 1136 678 alnmpnos

204 688 298 705 beneficiis
308 688 438 704 ecclesiasticis
452 687 597 710 prosequebatur
610 691 628 705 et
640 688 710 710 gratiis,
722 691 741 705 ut
750 691 817 711 quanto
829 688 944 705 laudabiliter
955 688 975 704 in
984 688 1065 711 ipsarum
1077 688 1136 705 scien-

203 721 267 737 tiarum
281 721 356 737 notione
369 721 485 743 proficerent,
496 724 546 737 tanto
559 726 579 737 se
589 721 665 738 uberius
678 720 807 738 ecclesiasticis
820 721 927 737 muneribus
938 721 1030 743 preveniri
1040 721 1135 738 sentirent.

203 754 223 770 In
238 757 286 770 tanta
300 759 377 776 namque
391 753 502 776 prelatorum
517 754 613 776 prudentia
627 757 644 770 et
659 753 775 770 exuberantia
791 754 870 770 caritatis
886 760 957 771 necnon
972 757 989 770 et
1001 754 1019 770 in
1035 754 1135 776 sapientum

203 787 318 803 multitudine
332 787 410 803 liliorum
422 787 500 803 Romana
511 786 596 803 nimirum
609 787 698 803 letabatur
710 786 794 807 ecclesia,
805 790 861 803 mater
874 787 954 803 omnium
965 790 983 803 et
992 787 1085 810 magistra,
1096 793 1135 803 cuni

202 819 274 836 illorum
290 820 342 836 docm
357 819 440 836 facundia
454 819 526 836 fidelem
542 819 629 842 populum
644 819 727 836 doctrina
741 819 804 836 salutis
820 819 924 840 instrueret,
940 826 959 836 ac
974 819 1098 836 exorbitantes
1114 820 1135 836 ad

203 852 307 876 evangelice
320 853 400 870 veritatis
414 852 541 869 rectitudinem
555 856 654 869 revocaret.
666 853 727 875 Nuper
737 855 796 869 autern
807 852 929 869 insinuatione
942 852 1017 875 querula
1029 852 1134 869 dilectorum

202 886 281 903 filiorum
296 886 421 903 universitatis
435 886 565 909 magistrorum
579 889 597 903 et
610 885 707 902 scolarium
721 886 738 902 in
752 886 813 902 studio
826 885 923 902 Parisiensi
935 885 1040 908 degentium
1054 885 1137 902 dolenter

202 919 305 942 accepimus
319 919 368 941 quod
383 919 426 935 licet
440 919 527 936 hactenus
537 919 558 935 ad
573 919 663 936 civitatem
677 919 735 941 ipsam
749 919 799 935 velut
811 919 833 935 ad
847 919 962 935 scientiarum
975 922 1035 935 ortum
1046 918 1135 942 irriguum

202 952 297 969 innumera
309 952 412 968 conflueret
424 952 520 969 multitudo
537 952 655 973 studentium,
670 952 763 968 modernis
776 955 835 968 tamen
848 951 967 974 temporibus,
982 957 1004 968 ex
1017 957 1039 968 eo
1051 951 1135 968 videlicet

202 985 251 1007 quod
265 988 325 1001 vestra
339 985 424 1007 refriguit
439 985 504 1001 caritas
518 991 562 1007 erga
578 985 638 1007 ipsos,
657 988 711 1007 prout
727 985 817 1001 dictorum
833 985 957 1001 universitatis
974 985 1102 1007 magistrorum
1119 988 1137 1001 et

202 1017 299 1034 scolarium
313 1017 422 1040 conquestio
435 1018 522 1039 eontinet,
537 1018 612 1034 nimium
630 1021 658 1035 est
676 1017 707 1034 illa
724 1018 821 1035 scolarium
833 1017 930 1034 multitudo
946 1021 1037 1034 contracta
1054 1021 1072 1034 et
1088 1018 1136 1034 Pari-

202 1050 264 1067 siense
277 1050 358 1067 studium
371 1050 504 1067 incredibiliter
518 1050 644 1071 dirninutum'=
661 1050 709 1073 quod
724 1051 742 1067 in
755 1050 799 1067 orbe
811 1054 899 1067 terrarum
909 1051 946 1073 jam
956 1051 1014 1067 suerat
1028 1056 1061 1073 pro
1073 1056 1135 1067 nume-

202 1083 276 1100 rositate
287 1083 399 1100 studentium
410 1083 517 1106 gloriosum.
529 1084 566 1100 Nos
576 1089 598 1100 ex
608 1083 729 1100 diminutione
741 1083 785 1100 dicti
797 1083 853 1100 studii
864 1083 984 1100 condolentes
995 1087 1013 1100 et
1022 1083 1136 1100 attendentes

202 1116 296 1133 sanitatem
307 1116 358 1133 orbis
370 1122 412 1133 esse
422 1116 556 1133 multitudinem
567 1116 676 1139 sapientum
688 1116 784 1139 cupientes
794 1116 847 1133 etiam
856 1116 904 1133 inter
914 1116 978 1133 fideles
988 1116 1067 1139 populos
1076 1116 1136 1133 scien-

203 1149 267 1166 tiarum
280 1149 328 1166 dona
342 1155 380 1166 non
394 1149 451 1166 minui
466 1149 499 1166 sed
511 1149 574 1172 augeri
583 1155 587 1165 z
597 1149 733 1166 universitatem
746 1153 825 1166 vestram
839 1155 930 1172 rogamus,
944 1155 1046 1170 monemus,
1062 1152 1079 1166 et
1093 1149 1136 1166 lior-

202 1185 261 1198 tamur
276 1182 295 1198 in
312 1182 398 1203 Domino,
415 1182 545 1199 nichilominus
564 1182 616 1199 vobis
634 1188 666 1205 per
683 1182 783 1205 apostolica
801 1182 868 1205 scripta
886 1182 992 1199 mandantes
1011 1182 1097 1205 quatinus
1113 1182 1135 1199 ad

202 1218 270 1232 mutum
284 1215 352 1232 bonum
366 1215 455 1238 privatum
468 1218 487 1232 et
498 1215 590 1238 publicum
602 1215 651 1238 juxta
667 1221 728 1232 mores
740 1215 892 1238 predecessorum
907 1218 1009 1232 vestrorum
1019 1215 1080 1232 debite
1091 1215 1135 1232 cari—

202 1248 242 1264 tatis
253 1248 354 1271 dirigentes
367 1248 458 1269 intuitum,
473 1254 492 1265 ac
503 1254 536 1271 per
545 1248 643 1271 magistros
653 1251 671 1265 et
680 1248 761 1265 scolares
773 1248 848 1265 eosdem
860 1248 956 1271 presertim
967 1248 1049 1271 ydoneos
1060 1251 1077 1265 et
1089 1254 1135 1271 quos

202 1280 283 1302 ipsorum
297 1281 379 1304 probitas
393 1281 456 1304 gratiis
471 1281 532 1298 reddit
547 1281 639 1302 emeritos,
654 1281 677 1298 ob
693 1281 814 1298 reverentiam
829 1281 929 1304 apostolice
944 1281 994 1298 sedis
1009 1284 1027 1298 et
1040 1284 1102 1298 nostra
1117 1281 1134 1297 iu

202 1313 280 1330 caritatis
294 1313 397 1330 visceribus
411 1314 569 1331 recommendatos
582 1314 671 1331 habentes
686 1314 784 1337 providere
798 1314 844 1337 ipsis
857 1314 909 1336 juxta
923 1318 985 1331 eorum
1002 1314 1103 1337 qualitatem
1118 1317 1134 1330 et

202 1346 265 1363 merita
281 1346 304 1363 de
323 1346 418 1363 beneficiis
437 1347 566 1363 ecclesiasticis
582 1347 605 1363 ad
624 1346 732 1363 collationes
750 1350 820 1363 vestras
837 1347 971 1369 spectantibus,
988 1353 1029 1363 cum
1046 1352 1066 1363 se
1082 1346 1134 1363 vohis

201 1377 276 1395 facultas
286 1378 379 1399 obtulerit,
391 1378 486 1399 studeatis,
498 1382 517 1395 ut
527 1379 558 1401 qui
568 1384 630 1395 amore
640 1379 727 1395 virtutum
739 1384 784 1395 suos
794 1382 902 1401 presserunt
911 1379 986 1401 spiritus
997 1382 1014 1395 et
1024 1378 1134 1395 substantias

202 1411 334 1433 expenderunt,
348 1410 485 1433 provisionibus
497 1411 565 1428 vestris
577 1411 634 1434 adjuti
647 1411 727 1427 letentur
738 1416 759 1427 se
768 1411 837 1434 premia
848 1411 916 1427 referre
926 1411 948 1427 de
959 1411 1035 1431 meritis,
1047 1414 1066 1427 et
1075 1416 1134 1427 exem-

202 1443 262 1465 plares
271 1444 308 1461 sint
318 1443 358 1460 aliis
368 1443 390 1460 ad
400 1443 486 1460 imitanda
495 1443 573 1466 vestigia
583 1443 685 1466 probitatis.
696 1444 762 1460 Preces
772 1446 791 1459 et
799 1443 934 1460 exhortationes
944 1449 964 1459 ac
974 1443 1056 1460 mandata
1066 1447 1133 1463 nostra,

201 1481 236 1498 que
251 1482 273 1493 ex
287 1476 342 1492 corde
356 1476 476 1498 porrigimus,
489 1476 516 1492 sic
530 1479 636 1492 reverenter
650 1479 668 1492 et
683 1475 779 1492 efficaciter
792 1475 898 1495 admissuri,
914 1475 963 1497 quod
977 1478 1061 1497 tanquam
1079 1475 1134 1492 devo-

263 1506 278 1515 n
287 1504 334 1517 caan.
346 1505 385 1516 vnfv.
395 1504 442 1517 Paris.
450 1504 467 1518 it,
477 1504 487 1516 1.
1057 1503 1072 1515 24
