1308 1835
151 199 184 215 470
443 203 603 215 cnxn'rumniun
620 203 716 215 univsns.
733 204 798 215 mnis.
1036 197 1088 223 [1336

154 240 183 258 alii
193 241 277 264 legentes
288 244 354 258 textum
366 240 432 261 Biblie,
443 240 521 257 debeant
531 240 617 257 insistere
627 240 674 257 circa
685 240 746 262 dubia,
756 246 791 263 que
806 240 851 257 fiunt
863 241 913 263 juxta
927 241 994 263 ipsum,
1009 244 1027 257 et
1040 240 1087 257 circa

153 274 199 291 dieta
208 277 313 291 sanctor-um
323 273 454 290 catholicorum
465 274 543 294 Patrum,
554 279 574 290 ac
585 273 688 296 glossarum
698 273 831 290 ordinat-iarum
842 274 901 290 Biblie
910 277 1015 291 memorate.

196 307 249 324 Circa
258 306 323 323 fratres
334 306 424 329 siquidem
435 310 471 323 tam
480 307 504 323 ad
513 306 624 328 Parisiense,
632 312 685 330 quam
695 306 718 323 ad
727 307 761 324 alia
772 307 864 330 generalia
874 307 934 324 studia
942 306 1019 324 Ordinis
1028 310 1087 323 trans-

152 340 258 360 mittendos,
271 339 348 362 provide
362 340 447 357 duximus
461 340 585 361 statuendum,
597 340 646 363 quod
661 340 694 361 illi,
709 340 739 363 qui
753 340 776 357 ad
788 340 895 363 hujusmodi
909 340 968 357 studia
981 343 1030 357 extra
1045 346 1087 357 suas

152 373 256 396 provincias
268 373 292 389 de
306 373 369 389 debito
387 373 540 394 transmittuntur,
555 379 588 396 per
604 379 636 390 sua
648 373 766 396 provincialia
782 373 865 396 Capitula
878 373 974 396 eligantur⁴
993 373 1087 390 Electores

152 409 211 423 autem
227 406 313 423 meliores
325 409 344 423 et
357 406 416 429 magis
428 406 451 423 ad
463 406 498 423 hoe
509 406 588 423 idoneos
598 406 667 429 eligere
677 406 695 423 in
710 407 777 423 virtute
788 410 850 424 sancte
866 406 969 423 obedientie
984 409 1086 423 teneantur*

153 439 181 456 Illi
195 445 244 459 veru,
261 439 292 462 qui
306 439 328 455 de
339 439 396 462 gretia
407 439 428 456 ad
439 439 544 462 hujusmodi
555 439 614 456 studia
629 442 671 456 suut
687 439 776 460 mittendi,
790 445 826 456 non
842 440 934 457 mittantur
945 440 987 456 sine
996 439 1088 463 generalis

152 473 231 490 ministri
245 472 319 490 licentia
328 472 410 496 speciali,
421 477 440 490 et
449 473 488 490 sine
500 473 528 490 sui
538 472 616 490 ministri
631 476 649 489 et
661 472 778 495 provincialis
792 473 871 496 Capituli
880 473 1011 496 approbatione
1025 479 1087 497 prece-

152 506 222 523 dentez
236 506 289 523 missi
301 512 346 523 vero
360 506 399 523 sive
415 506 437 523 de
452 506 510 529 gratia
524 506 563 523 sive
576 506 599 522 de
612 505 682 526 debite,
693 505 708 522 si
723 506 790 523 suerint
805 506 866 523 minus
879 506 941 523 idonei
953 507 975 523 ad
994 507 1086 523 scientiam

151 539 283 562 capessendam
295 539 324 556 vel
341 539 387 556 male
404 542 537 556 conversentur
549 538 624 559 ibidem,
639 544 672 555 seu
688 539 736 562 pacis
752 542 769 556 et
783 542 905 556 conventuum
924 545 956 556 seu
974 539 1086 556 studentium

152 572 221 589 fueri-it
236 572 348 593 turbatores,
364 578 397 595 per
414 572 516 589 ministrum
533 571 563 589 vel
578 572 687 595 gardianum
698 572 718 589 in
732 573 772 595 ejus
785 572 868 589 absentia
882 572 905 589 de
916 572 995 589 consilio
1009 572 1088 589 Consilii

152 609 254 623 conventus
267 606 302 623 loci
316 605 334 622 in
347 611 383 628 quo
396 605 502 622 studuerint
510 605 532 622 ad
542 611 605 622 eorum
616 605 720 628 provincias
730 605 873 622 remittanturffl..

199 639 226 656 Ad
236 639 337 662 predictum
348 642 407 655 autem
417 638 521 655 Parisienst·v
531 638 610 655 studium
622 639 644 655 de
655 638 733 662 singulis
744 639 844 662 provinciis
854 644 891 656 non
899 639 971 662 possint
978 639 1033 655 simul
1040 639 1088 655 mitti

153 672 181 689 vel
192 672 210 689 in
221 678 241 689 eo
253 672 317 695 recipi,
327 671 362 689 nisi
374 672 411 688 duo
420 672 516 689 studentes
527 671 549 688 de
559 672 623 695 gratia,
633 678 667 689 nec
677 672 707 689 isti
719 678 751 689 seu
761 672 791 689 alii
801 672 824 689 de
834 671 897 689 debito
907 671 959 689 missi
971 672 1042 695 possint
1055 678 1088 695 pro

153 705 254 722 lectoribus
264 705 353 726 revocari,
363 705 399 722 nisi
410 705 514 722 studuerint
524 711 557 728 per
567 705 613 722 duos
624 711 681 722 annos
692 705 765 722 ibidem.
777 706 822 722 Cum
832 708 892 722 autem
903 705 998 722 studentes
1005 705 1024 721 in
1032 711 1087 728 gene-

152 738 222 755 ralibus
237 739 302 755 studiis
318 738 413 755 constituti
426 739 449 755 ad
463 744 507 755 suas
521 738 607 755 redibunt
621 738 731 761 provincias,
746 738 878 755 testimoniales
892 738 954 755 literas
973 738 1056 761 gardiani
1070 742 1088 755 et

152 772 228 789 lectoris
239 772 282 790 loci,
296 772 314 788 in
327 778 363 794 quo
379 772 489 793 studuerint,
502 772 525 789 de
540 778 572 789 sua
587 772 726 789 conversatione
740 775 759 789 et
771 772 853 795 profectu
869 775 899 789 aut
911 772 983 789 defectu
994 772 1012 789 in
1027 772 1088 789 studio

152 811 214 822 secum
225 808 303 828 portent,
315 811 361 828 quas
370 805 410 822 suis
419 805 510 822 ministris
519 805 617 822 ostendere
627 809 750 822 teneantur....
759 806 785 822 Ne
792 808 852 822 autem
861 811 908 822 nova
915 805 998 828 cujusvis
1005 805 1088 822 doctrine

152 841 211 861 opera'
217 844 250 861 per
260 838 325 855 fratres
334 838 394 862 ipsius
404 838 480 856 Ordinis
489 838 568 858 incaute,
578 838 608 856 vel
618 838 722 861 periculose
732 838 861 855 communicari
874 842 905 855 aut
916 838 1006 861 publicari
1016 838 1088 856 contin-

151 875 188 895 gat,
202 871 284 889 districte
297 872 409 895 precipimus
423 872 472 895 quod
486 878 554 889 novum
568 878 613 895 opus
630 872 760 895 theologicum,
770 872 877 895 juridicum,
890 871 920 889 vel
933 871 1086 895 philosophicum,

152 904 224 922 scilicet
233 904 299 922 librum
309 910 342 922 seu
353 904 442 926 libellum,
453 911 548 928 summam,
560 905 694 928 compendium,
705 905 802 928 postillam,
814 905 944 928 expositiones,
953 905 1033 928 glossas,
1043 908 1088 922 trac-

152 941 214 959 tatum,
230 938 258 955 vel
271 938 405 959 collectionem,
422 944 454 955 seu
473 938 619 961 compilationem
635 939 758 961 questionum,
773 938 802 955 vel
816 944 927 958 sermonum,
945 944 954 955 a
972 944 1088 961 quocumque

152 971 207 988 fuerit
217 971 284 992 editus,
295 971 324 988 vel
334 971 389 993 edita,
399 977 431 988 seu
443 971 518 992 editum,
529 971 591 988 nullus
606 972 661 988 frater
674 972 714 988 sine
729 971 832 994 subscripto
847 971 934 992 examine,
949 977 970 988 ac
981 971 1060 988 ministri
1070 975 1089 988 et

152 1004 233 1027 Capituli
241 1004 334 1027 generalis
345 1004 396 1027 prius
407 1005 480 1021 obtenta
489 1004 563 1022 licentia
573 1004 654 1028 speciali,
666 1005 712 1022 intra
724 1004 754 1022 vel
766 1008 816 1021 extra
828 1004 916 1022 Ordinem
929 1004 1029 1027 publicare,
1040 1011 1089 1022 com-

152 1038 252 1058 municare,
263 1038 293 1054 veI
302 1038 375 1060 copiare
386 1041 484 1060 presumat.
496 1038 514 1055 Si
525 1038 567 1061 quis
576 1041 636 1055 autem
644 1037 679 1055 'noe
690 1041 795 1061 attemptare
805 1038 943 1061 presumpserit,
954 1038 1040 1055 omnihus
1047 1043 1088 1055 Sco-

153 1070 222 1088 lasticis
238 1074 256 1088 et
268 1071 357 1094 legitimis
366 1070 437 1088 actibus
452 1077 472 1088 ac
482 1077 516 1088 usu
527 1071 616 1088 librorum
627 1077 646 1088 se
657 1071 729 1089 noverit
737 1071 778 1094 ipso
791 1071 837 1088 facto
851 1071 889 1088 sore
904 1071 999 1094 privatum.
1010 1071 1088 1088 Predicu‘

152 1108 212 1121 autem
227 1104 289 1127 operis
303 1110 378 1121 examen
393 1104 424 1121 stat
438 1110 470 1127 per
487 1105 574 1127 quatuor'
588 1104 654 1122 fratres
669 1105 751 1127 ejusdem
765 1104 841 1121 Ordinis
854 1104 874 1121 in
888 1104 990 1127 theologica
1005 1104 1088 1121 facultate

153 1137 251 1160 magistros
264 1137 286 1154 ad
296 1137 331 1154 hoc
343 1143 376 1160 per
386 1137 472 1160 generale
484 1138 586 1161 Capitulum
603 1137 706 1160 specialiter
720 1138 822 1160 deputatos,
837 1138 868 1160 qui
883 1137 906 1154 ad
919 1137 1017 1160 diligenter
1032 1137 1089 1160 inspi-

153 1171 239 1187 ciendum
249 1174 268 1188 et
277 1171 416 1187 examinandum
426 1176 472 1188 nova
483 1171 588 1194 hujusmodi
599 1177 653 1193 opera
664 1171 741 1187 examini
751 1177 814 1187 eorum
829 1171 931 1191 commissa,
945 1174 963 1187 et
976 1170 998 1187 ad
1010 1170 1089 1187 fideliter

153 1204 270 1221 referendum
280 1210 313 1227 per
323 1204 446 1221 obedientiam
456 1204 586 1227 astringantur,
598 1204 651 1227 quive
662 1204 752 1226 completo
766 1204 848 1220 examine
858 1210 891 1226 per
905 1209 924 1220 se
939 1203 968 1220 vel
982 1209 1015 1226 per
1027 1203 1089 1220 literas

153 1237 236 1260 generali
245 1237 331 1255 ministr-1
343 1241 363 1254 et
373 1237 456 1260 generali
465 1237 550 1260 Capitulo
560 1237 636 1258 referre,
650 1242 686 1260 que
700 1237 830 1259 approbatione
844 1236 873 1253 vel
888 1236 1021 1259 improbatione
1034 1237 1089 1260 digna

154 1271 262 1293 repererint,
279 1273 376 1287 teneantur
390 1276 393 1287 ε
406 1276 484 1293 quorum
501 1270 564 1287 relatio
582 1273 600 1286 et
616 1269 721 1293 approbatio
738 1270 767 1287 vel
784 1270 892 1293 improbatio
906 1270 925 1286 in
942 1269 995 1287 libris
1013 1270 1089 1287 Ordinis

154 1306 285 1327 regestrentrr.
548 1304 555 1308 ”

198 1336 309 1354 Ordinamus
319 1336 379 1357 etiam,
392 1336 440 1359 quod
451 1342 484 1359 pro
494 1336 589 1359 principiis
600 1336 729 1359 magistrorum
739 1336 782 1354 dicti
792 1336 867 1354 Ordinis
877 1337 896 1353 in
906 1336 999 1360 theologia
1011 1337 1041 1354 vel
1049 1336 1089 1354 bac-

153 1370 261 1387 ealariorum
272 1369 375 1387 Sententias
386 1369 511 1387 inchoantium
520 1376 553 1387 seu
563 1370 659 1387 occasione
674 1376 737 1387 eorum
752 1369 890 1394 principiorum,
906 1376 943 1387 non
957 1369 1062 1393 expendant
1071 1370 1089 1394 in

154 1403 200 1420 cibis
215 1404 244 1420 vel
259 1403 334 1426 potibus
349 1403 386 1420 nisi
404 1404 461 1420 semel
475 1403 573 1425 dumtaxat,
591 1407 678 1426 quantum
694 1403 770 1420 sufficiat
787 1410 820 1427 pro
833 1410 868 1420 una
883 1403 975 1420 moderata
989 1403 1089 1420 resectione

154 1440 255 1454 conventus
266 1437 307 1458 loci,
318 1437 338 1453 in
348 1443 384 1460 quo
394 1436 438 1454 fient
448 1437 553 1460 hujusmodi
563 1437 657 1460 principia.
669 1437 731 1455 Ceteri
740 1443 784 1454 vero
795 1437 896 1458 baccalarii,
907 1437 992 1458 lectores,
1006 1440 1036 1453 aut
1048 1442 1090 1453 cur—

155 1476 187 1487 sus
197 1470 216 1487 in
226 1470 284 1487 Biblia
299 1470 394 1492 facientes,
404 1476 437 1488 seu
448 1470 508 1494 quivis
518 1470 548 1487 alii
561 1471 663 1491 studentes,
677 1474 712 1487 tam
724 1470 803 1488 Parisius
818 1476 871 1494 quarn
885 1470 903 1487 in
917 1470 957 1488 aliis
972 1469 1089 1492 generalibus
