1308 1835
152 220 184 237 252
441 226 601 238 cuna-ruznunn
618 226 713 238 umvnns⁴
731 226 796 248 PA-nis.
1036 221 1085 240 [1322

152 262 200 286 logia
214 263 258 280 citra
271 263 366 280 biennium
379 263 442 280 habuit
455 269 488 280 seu
500 269 609 286 quacunque
621 263 754 280 consuetudine
767 263 796 281 vel
809 269 919 286 quoeunque
932 267 999 281 statuto
1010 263 1084 281 Ordinis

151 297 181 313 vel
190 296 247 313 studii
259 296 382 319 predictorum
395 296 498 317 contrariis,
509 302 542 313 seu
554 296 646 313 delatione
655 296 684 313 vel
695 297 810 313 revocatione
821 299 838 313 et
848 296 949 319 privatione
958 296 981 314 de
993 297 1034 319 ipso
1046 297 1084 314 sive

152 329 266 346 ordinatione
277 332 296 346 et
306 329 443 352 presentatione
453 329 528 346 alterius
540 329 636 346 baccalarii
645 335 678 352 per
688 329 774 347 Ordinem
789 335 848 350 suum,
861 329 900 347 sive
910 329 964 346 modo
975 335 1084 352 quocunque

151 362 186 379 alio
197 362 255 383 factis,
266 368 299 385 per
308 368 344 385 que
356 362 472 385 presentibus
486 368 522 379 non
533 368 619 386 expressa
631 362 661 380 vel
671 362 749 380 totaliter
760 369 796 380 non
808 362 875 379 inserta
886 362 961 379 effectus
972 362 1083 385 presentium

152 395 236 418 impediri
248 395 307 413 valeat
319 395 458 418 quomodolibet
471 395 501 413 vel
513 396 588 419 differri)
601 396 678 413 eundem
692 397 790 419 Paganum,
805 395 836 419 qui
851 395 872 413 ab
887 395 956 412 honore
969 395 1013 413 dicti
1027 396 1083 419 magi-

151 429 209 450 sterii,
219 432 240 446 ut
249 429 366 452 premittitur,
377 429 435 446 extitit
450 430 558 451 retardatus,
571 430 639 453 quique
651 430 751 447 secundum
766 429 918 446 consuetudinem
929 429 986 446 studii
1002 429 1020 446 in
1036 429 1083 446 dicto

151 463 211 479 studio
221 468 272 479 more
281 462 424 480 baccalariorurn
434 463 514 486 legendo
523 469 596 480 cursum
608 469 661 480 suum
672 463 690 480 in
700 463 747 480 dicta
756 463 831 480 scientia
841 463 956 480 laudabiliter
966 463 1034 479 dicitur
1043 468 1083 485 per-

150 496 224 517 fecisse,
237 496 277 513 sine
292 502 342 513 more
356 496 453 520 dispendio
465 496 487 513 ad
500 496 588 513 honorem
599 502 707 519 promoveas
720 495 849 518 magistralem,
863 496 898 512 sibi
912 496 1013 519 predictum
1027 496 1083 519 magi-

151 532 226 546 stratum
241 533 259 547 et
273 529 352 547 docendi
368 530 460 547 licentiam
475 529 572 546 conferens
585 529 605 545 in
617 529 693 546 scientia
706 532 809 545 memorata.
825 529 865 546 Non
880 529 995 546 obstantibus
1008 529 1083 552 quibus-

150 568 221 585 cunque
232 562 272 580 aliis
280 562 391 580 Parisieusis
401 562 457 579 studii
467 562 539 579 statutis
547 565 565 578 et
572 561 736 578 consuetudinibus
746 562 775 579 vel
785 561 944 579 observationibus
954 562 1083 579 solennitatum

150 596 252 617 contrariis,
267 601 300 618 per
315 601 351 618 que
365 595 435 612 nullum
453 595 570 618 presentibus
587 595 700 612 obstaculum
717 595 836 612 ministretur.
855 595 893 612 Dat.
907 595 997 613 Avinione
1012 601 1035 613 xv
1047 595 1082 613 kal.

150 628 270 652 Septembris,
280 634 328 645 anno
339 632 396 645 sexto.

196 682 227 698 ueg.
234 682 263 694 Vut
270 681 333 694 Aveniou.
340 681 404 694 Johnnuit
411 682 450 697 xxn,
456 682 483 694 vol.
490 682 517 697 XV,
524 682 547 694 101.
552 682 580 694 ⁵1¹⁴

148 769 205 788 809.
216 774 289 787 smmum
297 774 362 792 Capituli
367 774 441 792 generali,
450 774 483 787 Orat⁴
491 774 548 787 essem,
554 774 573 788 ae
579 774 670 788 scholaribus
677 774 796 787 monasteriorum
802 774 823 787 aa
832 774 940 788 Untversicatem
946 774 993 788 Paris.
1003 774 1080 791 minando,

193 800 208 812 et
214 798 232 812 ae
239 798 335 812 construenda
343 798 405 812 ecclesia
413 800 427 812 οι
433 798 492 816 fabrica
500 799 514 812 s⁴
522 798 599 812 amarat

719 821 757 836 1³22,
764 821 843 838 &pumma
850 822 869 837 12,
878 821 939 835 chroma

192 862 238 884 Quia
252 862 383 880 Parisiensium
397 862 495 880 scolarium
509 862 622 880 honorabilis
637 862 757 884 Universitas,
773 863 825 886 cujus
840 866 868 880 est
882 862 942 886 portio
956 868 994 880 uon
1010 862 1082 880 modica

148 895 228 912 studium
245 896 263 913 S.
280 895 376 917 Bernardi,
393 899 478 919 tanquam
495 895 585 919 quoddam
603 896 675 913 virtutis
692 899 710 913 et
726 896 815 919 sapientie
831 896 908 913 fontale*
925 896 1036 919 principium
1052 896 1081 913 sui

147 928 222 946 luminis
237 929 298 946 radios
313 929 382 952 ubique
395 929 508 950 diffundens,
518 929 606 946 mundum
615 929 706 946 illuminat
721 929 826 946 universum
837 935 840 946 :
850 929 918 946 idcireo
933 933 952 946 ut
967 929 1081 952 copiosiores

148 962 209 979 radios
221 962 296 979 luminis
309 962 387 979 scientie
396 962 456 985 possit
465 962 566 984 effundere,
576 962 669 979 universis
678 962 737 979 nostri
747 962 822 979 Ordinis
834 962 930 979 abbatibus
941 962 1018 985 precipit
1028 962 1081 985 Capi-

148 995 206 1012 tulum
219 995 312 1018 generale,
328 995 378 1018 quod
391 995 480 1012 mittendo
494 995 574 1012 scolares
588 995 610 1012 ad
626 995 694 1012 dictum
708 995 790 1012 studium
803 996 892 1019 ydoneos,
908 996 999 1018 antiquam
1016 995 1081 1013 defini-

148 1028 214 1045 tionem
226 1034 282 1051 super
293 1028 328 1045 hoc
341 1028 407 1045 editam
419 1029 496 1051 implere
509 1028 612 1045 nullatenus
625 1029 760 1046 intermittant&
769 1029 879 1046 Visitatores
890 1032 951 1045 autem
963 1035 1010 1052 quos
1022 1028 1081 1052 negli-

147 1065 212 1085 gentes
227 1062 337 1083 invenerint,
353 1062 375 1079 ad
389 1062 424 1079 hoc
440 1062 542 1079 faciendum
557 1062 664 1079 auctoritate
678 1062 757 1085 Capituli
772 1068 819 1085 pena
835 1062 953 1085 compellant,
967 1065 985 1079 et
1002 1062 1082 1079 rebelles

147 1095 167 1112 in
176 1095 211 1112 hoc
221 1098 317 1112 teneantur
327 1095 346 1112 in
356 1095 441 1118 sequenti
451 1095 535 1118 Capitulo
545 1095 627 1118 generali
637 1095 756 1118 proclamare.

193 1129 244 1150 Item,
260 1131 278 1145 ut
292 1128 340 1145 inter
355 1128 457 1150 studentes,
474 1129 541 1151 rejecta
557 1128 690 1151 singularitate,
707 1134 785 1146 concors
802 1128 861 1146 unitas
878 1128 993 1150 observetur,
1010 1128 1082 1145 ordinat

148 1162 251 1185 Capitulum
265 1161 358 1185 generale,
374 1162 423 1185 quod
440 1168 504 1179 omnes
520 1162 601 1179 scolares
618 1162 709 1183 decetero,
728 1162 763 1179 nisi
780 1162 884 1179 infirmitate
900 1161 984 1184 depressi
1001 1162 1019 1178 in
1034 1162 1081 1179 lecto

148 1195 263 1217 decumbant,
276 1195 369 1218 magistris
384 1195 499 1213 solummodo
514 1195 605 1212 dumtaxat
617 1195 705 1218 exceptis,
719 1199 754 1212 tam
764 1195 782 1212 in
793 1195 889 1212 refectorio
903 1201 955 1217 quam
966 1195 1081 1212 infirmitorio

148 1228 171 1245 ad
180 1234 286 1245 communes
296 1234 386 1251 expensas
396 1228 452 1246 burse
462 1228 517 1245 simul
526 1228 630 1250 comedant;
641 1232 660 1245 et
669 1231 689 1245 ut
700 1228 760 1245 omnia
772 1228 876 1245 necessaria
887 1228 960 1251 possint
970 1228 1038 1245 eisdem
1049 1234 1082 1251 per

148 1261 240 1278 cellarium
251 1261 347 1279 commode
360 1261 466 1283 ministrari,
479 1261 556 1284 quilibet
568 1261 644 1278 scolaris
658 1267 691 1285 pro
703 1261 759 1278 bursa
768 1261 906 1284 quatuordecim
917 1261 974 1278 libras
983 1261 1080 1284 parisiens.

148 1294 200 1312 annis
210 1294 290 1318 singulis
300 1295 446 1312 ministrantibus
456 1294 550 1318 assignare
559 1298 655 1317 teneatur.-

193 1329 244 1349 ltem,
255 1331 275 1345 ut
288 1328 306 1345 in
320 1331 355 1345 tam
369 1328 460 1351 solempni
474 1328 514 1345 loco
528 1328 630 1351 solempnis
644 1328 721 1345 ecclesia
735 1328 798 1345 divino
813 1328 869 1346 cultui
883 1328 986 1351 deputanda
998 1328 1037 1345 fieri
1049 1334 1082 1351 per

148 1361 229 1379 fidelium
243 1367 363 1384 personarum
377 1361 453 1379 liberale
471 1361 574 1379 subsidium
585 1364 705 1387 procuretur,
723 1362 817 1381 concedit?
822 1361 909 1385 generale
925 1361 1029 1385 Capitulum
1044 1361 1082 1378 illis

148 1395 239 1416 omnibus,
255 1395 322 1418 quide
338 1394 392 1412 bonis
408 1395 444 1412 sibi
457 1401 466 1412 a
480 1395 518 1412 Deo
533 1395 604 1412 collatis
618 1395 641 1412 ad
656 1395 723 1412 dictum
740 1395 831 1412 edificium
851 1395 995 1412 construendum
1013 1395 1082 1418 aliquid

147 1428 254 1450 obtulerint,
267 1428 338 1451 plenam
351 1428 508 1451 participationem
520 1428 602 1445 omnium
613 1428 704 1445 bonorum
718 1428 846 1451 spiritualium,
856 1434 892 1451 que
903 1428 971 1445 ibidem
984 1431 1003 1445 et
1013 1428 1033 1445 in
1044 1431 1082 1445 toto

147 1461 216 1479 Ordine
231 1461 275 1478 ssent
288 1461 374 1479 deoetero
389 1461 408 1478 in
420 1461 456 1478 vita
471 1467 534 1478 eorum
547 1461 615 1484 pariter
628 1464 645 1478 et
659 1461 677 1478 in
688 1461 830 1479 mortezvolens
844 1461 892 1484 quod
906 1467 961 1485 super
973 1461 1008 1478 hoc
1021 1461 1082 1478 littere

146 1494 239 1512 inductive
252 1495 274 1512 ad
287 1495 369 1512 diversas
384 1494 486 1518 dirigantur
498 1494 609 1518 provincias,
622 1498 640 1512 et
651 1501 661 1512 a
673 1500 744 1512 summo
757 1494 843 1518 pontifice
853 1494 969 1518 indulgentie
982 1500 1038 1518 super
1046 1494 1082 1512 huc
