1308 1835
204 200 253 219 1348]
405 208 429 219 ΑΒ
444 208 498 219 uuo
515 207 632 219 ucczxxxw
650 207 715 221 usqua
733 207 757 218 ,m
774 206 843 218 mrum
861 206 931 218 necet⁴
1102 203 1134 227 (521

205 274 216 291 1
222 273 276 292 156.
288 279 376 292 autumnas
384 278 432 291 Paris*
439 278 499 291 Falconi
505 278 571 296 episcopo
581 279 628 291 Pam.
635 280 721 297 prumam
731 278 751 292 ad
760 279 858 297 capellaniam
867 278 882 291 in
892 278 953 292 ecclesia
962 278 976 291 si
987 277 1054 291 Andreae
1063 278 1082 291 aa
1088 278 1134 291 Arm-

247 302 274 316 buz
281 303 366 320 magistrum
371 302 449 316 Iohannem
458 302 527 315 auridum

811 333 849 347 rats.
857 332 910 349 augum
915 333 928 348 ⁵,
935 332 992 345 pamm.

246 373 342 390 Universis
351 376 447 395 presentes
457 373 527 389 litteras
536 373 647 395 inspecturis
661 373 771 390 universitas
780 374 908 396 magistrorum
919 377 937 390 et
947 374 1043 391 scolarium
1053 373 1134 390 Parisios

202 406 313 423 studentium
324 406 400 423 salutern
410 406 430 422 in
440 406 524 423 Domino,
534 406 720 427 Noverint'universi,
731 406 780 429 quod
788 412 829 423 cum
837 407 879 423 olim
887 407 934 424 hone
945 407 1031 424 memorie
1042 407 1069 424 vir
1079 412 1134 423 vene-

202 439 264 456 rabilis
275 439 362 463 magister
371 439 463 456 Johannes
473 439 496 456 de
506 439 564 456 Thelu
574 440 593 456 in
607 439 666 463 ipsius
681 443 788 456 testamento
801 440 910 461 ordinasset,
926 440 974 463 qnod
989 440 1012 457 de
1026 440 1080 457 bonis
1094 440 1133 457 suis

201 479 234 496 pro
245 473 303 490 salute
312 473 372 490 anime
382 478 415 490 sue
426 479 460 490 una
470 473 568 496 capellania
580 473 691 494 fundaretur,
707 473 728 490 ad
739 479 792 496 quarn
805 473 886 490 Parisius
905 473 1044 491 deserviendam
1058 479 1134 497 presen-

201 510 269 524 taretur
282 510 371 530 perpetuo
388 507 493 530 capellanus
505 507 607 524 reverendo
621 507 640 523 in
653 507 726 524 Christo
742 507 786 530 patri
801 507 874 524 domino
889 507 975 530 episcopo
989 507 1087 524 Parisiensi
1101 511 1134 530 per

201 540 319 563 antiquiores,
332 540 362 563 qui
370 546 403 563 pro
412 544 495 563 ternpore
505 544 573 561 essent,
582 544 622 557 actu
632 543 718 563 regentes
729 544 747 557 et
754 540 835 557 Parisius
845 544 947 563 presentes,
956 540 1042 557 videlicet
1049 546 1103 557 unum
1114 541 1133 557 in

200 574 298 597 theologia,
309 574 355 591 duos
366 574 384 590 in
395 574 472 591 decretis
483 577 501 591 et
510 580 566 590 unum
576 574 595 590 in
605 574 701 595 medicina,
710 579 744 590 nec
751 580 788 590 non
796 580 828 596 per
836 577 925 590 rectorem
934 577 996 590 nostre
1004 574 1133 591 Universitatis

200 607 281 630 predicte
292 610 310 624 et
319 611 398 630 quatuor
407 610 534 630 procuratores
545 611 622 630 quatuor
631 607 732 628 nationum,
742 607 766 624 ita
776 610 836 623 tamen
845 607 895 630 quod
902 613 957 624 voces
963 607 1036 624 illorum
1045 607 1132 630 quinque,

200 640 271 658 seilicet
280 640 357 658 rectoris
368 644 386 658 et:
397 644 534 664 procuratorum
550 640 680 664 predictorum,
694 646 732 658 non
745 640 811 658 faciant
825 640 861 657 nisi
873 646 939 657 unam:
949 643 966 657 et
980 640 1001 657 ad
1016 640 1070 657 finem
1083 640 1132 663 quod

199 674 253 691 citius
263 677 281 691 ct
290 674 357 691 melius
367 674 414 691 dicte
425 674 525 697 capellanie
534 674 616 692 fundatio
626 677 761 697 procuraretur,
772 674 878 697 congregati
889 674 966 691 fuissent
980 673 1055 695 dudum,
1068 674 1133 691 videli-

199 711 227 724 cet
238 708 267 724 die
277 708 358 725 secunda
368 708 436 725 mensis
446 708 532 725 Octobris
542 708 606 725 ultimo
616 708 717 731 preteriti',
727 708 745 724 in
757 711 818 725 nostra
833 707 975 731 congregatione
990 707 1071 730 generali
1085 707 1132 730 apud

199 741 284 758 Sanctum
294 741 404 758 Mami-inum
414 740 529 758 venerabiles
539 741 574 758 viri
589 741 672 764 magistri
686 741 777 758 Robertus
790 741 812 758 de
824 741 904 762 Bardis‘,
920 741 1040 757 cancellarius
1054 740 1132 757 ecclesie

199 774 306 795 Parisiens„
316 774 408 797 antiquior
417 780 450 797 pro
461 777 504 791 tunc
515 780 582 797 regens
591 774 610 791 in
620 774 712 797 theologia
722 777 741 791 et
750 774 831 791 Parisius
844 777 888 791 tunc
901 780 988 797 presens;
1003 774 1096 791 Ger-ardus
1109 774 1132 791 de

199 807 284 825 Curtilis'
295 811 313 824 et
322 807 424 824 Richardus
434 807 457 824 de
467 807 540 828 Fanui’,
552 811 594 824 tunc
604 807 657 824 etiam
668 808 780 830 antiquiores
795 811 881 831 regentes
895 808 914 824 in
928 807 1007 824 decretis
1020 811 1039 825 et:
1051 807 1131 824 Parisius

199 844 303 864 presentes3
317 840 426 858 Mainfridus
440 840 463 857 de
477 840 552 863 Coppis,
567 844 611 858 tunc
627 841 681 858 etiarn
694 841 786 863 antiquior
800 847 867 864 regens
884 841 902 857 in
917 841 1007 858 medicina
1020 844 1038 857 et
1051 841 1131 858 Parisius

199 875 294 897 presens⁵;
310 874 379 891 Alanus
390 874 411 891 de
422 875 567 897 Propeponteu',
579 877 621 891 tunc
631 877 694 891 nostre
705 874 832 891 Universitatis
846 877 905 891 rector
916 874 1005 897 predicte;
1019 874 1132 891 Guillermus

199 908 221 924 de
232 907 335 929 Nernosio',
345 907 437 924 ‚lohannes
447 907 469 924 de
477 907 575 929 Vervino',
584 907 683 925 Gaufridus
689 907 796 925 Vastinelli’
803 911 821 925 et
830 907 907 924 Michael
918 907 940 924 de
951 907 1028 929 Dacia¹⁰,
1036 911 1078 925 tunc
1088 914 1132 931 qua-

199 944 241 958 tuor
250 941 343 958 nationum
354 944 489 964 procuratores,
500 940 637 964 elegisseutque
647 940 763 958 concorditer
773 944 791 958 et
799 941 924 958 nominassent
931 940 954 958 de
961 941 1054 958 voluntate
1064 944 1081 958 et
1088 947 1132 958 con-

199 980 255 991 sensu
265 974 346 991 omnium
356 978 438 991 nostrum
454 974 553 991 discretum
563 975 621 992 virum
632 974 739 997 magistrum
747 974 848 991 Johnnnein
856 974 952 991 Buridan¹¹
960 974 1102 997 presentandum
1110 975 1132 991 ad

199 1007 264 1024 dictam
275 1007 393 1030 capellaniam
404 1007 549 1029 deserviendam,
559 1014 599 1024 cum
611 1011 660 1025 esset
670 1008 749 1026 fundata.
761 1008 831 1029 dantes,
841 1011 896 1031 prout
905 1011 995 1031 poterant,
1006 1008 1064 1025 eidem
1076 1008 1133 1031 magi-

199 1044 238 1058 stro
248 1041 270 1058 de
280 1047 372 1058 consensu
382 1044 453 1062 nostro,
464 1044 483 1058 ut
492 1041 598 1064 predicitur,
610 1044 627 1058 et
637 1041 690 1058 nobis
701 1044 758 1058 ratum
769 1044 786 1058 et
796 1044 866 1064 gratum
874 1041 1027 1064 habentibus,jus
1035 1041 1057 1058 ad
1067 1041 1131 1058 dictam

199 1074 317 1097 capellaniam
327 1074 486 1098 prosequendunu
497 1078 515 1091 et
525 1080 558 1091 nos
569 1080 627 1097 nuper
637 1075 659 1091 de
670 1074 723 1091 bonis
734 1074 777 1091 dicti
788 1074 870 1097 magistri
879 1074 966 1092 ,Iohannis
978 1074 999 1091 de
1010 1074 1068 1091 Thelu
1078 1075 1133 1091 emis-

200 1113 261 1125 semus
272 1108 360 1131 quosdam
371 1108 453 1125 redditus
463 1111 561 1131 perpetuos
577 1111 594 1125 et
608 1108 721 1125 amortizatos
732 1108 777 1124 sitos
792 1108 839 1130 apud
854 1108 964 1125 Trissiacuin
976 1108 1027 1131 juxta
1042 1108 1133 1125 Monaste-

200 1141 272 1163 riolurn,
282 1141 370 1159 videlicet
378 1141 451 1158 circiter
461 1141 592 1165 quinquaginta
603 1141 639 1158 duo
649 1144 723 1164 arpenta
734 1144 781 1158 terre
789 1141 870 1162 arabilis,
880 1141 953 1158 circiter
962 1144 1004 1158 octo
1014 1144 1086 1164 arpenta
1095 1142 1132 1164 jar-

200 1174 290 1196 dinorurn,
302 1174 374 1192 circiter
388 1177 428 1191 octo
438 1178 513 1197 arpenta
527 1180 629 1196 nemorum,
644 1174 717 1192 circiter
730 1177 825 1197 arpentum
839 1177 858 1191 et
875 1174 1016 1197 semiarpentum
1033 1178 1131 1198 pratorum,

199 1208 223 1231 xij
234 1208 305 1225 solidos
318 1211 337 1225 et
349 1208 373 1231 vij
389 1208 474 1225 denarios
487 1213 575 1225 censuum
588 1208 707 1229 minutorum,
722 1208 785 1225 decem
798 1211 832 1225 tam
847 1207 897 1225 viros
912 1213 964 1231 quam
980 1207 1066 1225 mulieres
1080 1213 1132 1225 servc

199 1241 310 1258 conditionis
320 1247 361 1258 cum
372 1241 475 1258 omnimoda
483 1241 553 1264 justitia
563 1241 582 1258 in
592 1241 679 1264 predictis
689 1245 708 1258 et
716 1247 751 1258 usu
760 1247 793 1264 pro
800 1240 865 1258 bestiis
873 1244 892 1258 et
898 1241 971 1264 pascuis
982 1241 1004 1258 ‹le
1015 1241 1117 1258 Marolles¹³
1127 1247 1131 1258 ε

200 1281 234 1292 nos
244 1275 290 1297 piam
301 1275 360 1297 ipsius
370 1275 480 1292 voluntatem
491 1278 509 1292 et
519 1278 597 1292 sanctam
608 1275 710 1298 cupientes,
727 1278 813 1297 quantum
827 1280 925 1298 possumus
941 1278 958 1291 et
973 1278 1034 1291 nostra
1048 1275 1132 1296 interest,

200 1308 306 1331 adimplere,
316 1308 376 1325 dictos
386 1308 468 1325 redditus
479 1314 543 1325 omnes
553 1311 571 1325 et
581 1308 664 1331 singulos
679 1314 712 1331 pro
727 1308 774 1325 dicte
787 1307 886 1331 capellanie
899 1308 1005 1325 fundatione
1019 1308 1132 1330 dimittimus,

200 1341 274 1358 eosdem
285 1341 416 1359 transferentes
426 1342 445 1358 in
455 1341 556 1364 predictum
566 1342 674 1364 magistrum
683 1341 784 1358 Iohannem
795 1341 882 1363 Buridan,
893 1345 911 1358 et
920 1344 961 1364 post
974 1341 1034 1364 ipsum
1044 1345 1133 1365 perpetuo

200 1375 218 1392 in
229 1381 273 1392 suos
283 1381 407 1396 successores,
419 1375 450 1398 qui
460 1375 514 1392 modo
524 1379 542 1392 et
551 1376 608 1392 formu
618 1375 709 1392 contentis
718 1375 738 1392 in
749 1378 858 1392 testamento
867 1375 911 1392 dieti
921 1375 1003 1398 magistri
1013 1375 1101 1392 johannis
1111 1375 1133 1392 de

200 1409 258 1426 Thelu
269 1409 336 1426 fuerint
346 1409 385 1425 suis
395 1409 508 1431 temporibus
519 1409 567 1426 dicto
577 1409 678 1426 reverendo
688 1409 735 1431 patri
745 1408 819 1426 domino
830 1409 916 1432 episcopo
927 1409 1025 1426 parisiensi
1036 1409 1134 1432 presentati

201 1445 218 1459 et
228 1448 260 1465 per
270 1442 330 1465 ipsum
342 1442 415 1465 recepti.
428 1442 553 1465 Supplicantes
563 1442 657 1459 humiliter
668 1442 727 1459 eidem
738 1442 839 1459 reverendo
850 1442 901 1466 patri,
914 1445 1002 1465 quatenus
1017 1442 1064 1460 dicte
1075 1442 1135 1466 capel-

200 1475 248 1493 lanie
258 1476 384 1493 fundationem
394 1476 481 1500 dignetur
490 1476 524 1493 Dei
533 1479 552 1493 et
561 1476 634 1499 pietatis
644 1476 710 1494 iutuitu
720 1476 808 1499 prosequi
819 1479 836 1494 et
846 1476 905 1498 finire,
917 1478 934 1493 et
944 1476 965 1493 ad
976 1482 1015 1493 earn
1030 1476 1135 1494 deservien-
