1308 1835
158 202 191 220 506
448 212 608 224 εΗΑιιἏ-υιηιινκ
624 212 720 224 umvens.
738 212 803 224 PARIS.
1041 207 1091 226 [1340

160 247 239 271 quisque
248 251 326 269 tenetur,
338 252 355 265 et
365 248 410 266 viam
422 248 525 266 omnimode
535 248 557 265 ad
567 254 600 265 eos
611 245 725 272 precludere,
737 249 812 266 maxime
823 255 863 266 cum
873 255 895 266 ex
908 249 944 266 hiis
954 249 1014 272 possit
1022 249 1091 272 agnitio

160 281 242 299 veritatis
252 281 345 299 occultari<
358 283 427 299 Verum
442 282 484 305 quia
500 282 522 299 ad
536 285 616 299 nostram
628 282 700 299 noviter
709 282 813 305 pervenerit
823 282 909 303 notitiam,
920 282 968 305 quod
981 282 1064 299 nonnulli
1074 282 1092 299 in

161 319 222 332 nostra
232 315 296 332 artium
310 315 394 332 facultate
406 316 520 338 quorundam
532 316 603 332 astutiis
617 315 726 339 perniciosis
739 315 854 336 adherentes,
866 315 935 332 fundati
948 321 985 332 non
997 320 1051 338 supra
1061 315 1092 332 fir>

161 355 207 366 inam
216 352 290 372 petram,
299 349 395 372 cupientes
404 348 445 371 plus
456 355 520 372 sapere
530 355 583 372 quam
593 352 682 372 oporteat,
692 349 770 372 quedam
780 349 840 365 minus
850 354 893 365 sana
902 349 986 365 nituntur
994 348 1091 369 seminare,

160 388 183 399 ex
192 382 258 405 quibus
267 382 471 399 erroresintolerabiles
480 382 546 399 nedum
555 382 602 399 circa
612 382 751 405 philosophiam,
761 382 794 399 sed
805 385 823 399 et
832 382 878 399 eirca
889 382 966 399 divinam
974 382 1091 404 Scripturam,

160 419 237 439 possent
246 415 353 438 contingere
364 415 382 432 in
392 416 483 433 futurum:
496 415 538 432 liiue
552 419 586 437 est,
601 415 651 438 quod
662 414 705 432 huic
717 415 780 432 morbo
797 419 831 433 tam
844 415 931 438 pestifero
948 414 1048 432 remediare
1061 421 1092 431 cu-

160 449 231 472 pientes
243 455 306 466 eorum
315 448 432 466 fundamenta
437 449 529 472 prophana
537 452 555 466 et
561 454 640 470 errores,
647 451 701 472 prout
708 448 806 472 potuimus,
813 448 928 472 collegimus,
938 452 1038 466 statuentes
1046 448 1092 466 circa

160 483 191 500 illa
200 488 233 506 per
243 483 290 499 hunc
302 483 386 500 modum:

204 516 295 533 Videlicet
303 516 351 539 quod
362 516 407 533 nulli
417 516 505 538 magistri,
518 515 619 537 baocalarii,
628 516 658 532 vel
668 516 748 533 scolares
758 516 777 532 in
786 516 850 533 artium
861 516 945 533 facultate
952 516 1036 539 legentes
1044 516 1092 533 Pari-

160 549 198 566 sius
212 549 289 566 audeant
302 549 379 572 aliquam
393 549 535 572 propositionem
550 549 635 566 famosam
650 549 700 566 illius
713 549 779 566 actoris
796 550 847 572 cujus
862 549 928 566 librum
944 549 1016 572 legunt,
1031 549 1092 566 dicere

160 582 268 605 simpliciter
282 588 322 599 esse
338 582 407 603 salsam,
420 582 449 599 vel
464 588 505 599 esse
518 581 581 599 falsam
595 582 618 599 de
632 583 699 599 virtute
712 582 809 604 sermonis,
825 583 840 599 si
854 582 966 599 crediderint
981 582 1029 605 quod
1044 586 1092 600 actor

160 616 245 638 ponendo
255 616 304 632 illam
314 615 399 632 hahuerit
407 621 470 632 verum
480 615 601 637 intellectum,
614 616 646 633 sed
655 616 684 633 vel
693 616 794 633 concedant
804 622 848 637 eain,
860 616 889 633 vel
896 622 970 633 sensum
979 622 1041 633 verum
1050 616 1094 633 divi-

160 648 203 666 dant
213 655 222 666 a
231 655 287 666 sensu
297 648 349 670 falso,
357 649 400 672 quia
408 649 446 672 pari
455 649 525 666 ratione
533 649 669 672 propositiones
681 649 740 666 Biblie
747 649 831 667 absoluto
839 655 923 666 sermone
930 653 993 667 essent
1003 649 1092 673 negando,

159 682 209 704 quod
220 685 248 699 est
256 682 387 705 periculosum.
402 683 424 699 Et
433 682 474 705 quia
485 688 545 700 sermo
555 688 592 700 non
599 682 654 700 habet
663 683 754 704 virtutem,
766 683 802 700 nisi
811 688 834 700 ex
843 683 960 706 impositione
970 687 989 700 et
998 689 1032 700 usu
1045 689 1092 700 corn-

159 716 210 733 muni
219 719 300 733 actorum
310 716 341 733 vel
349 716 434 737 aliorum,
443 716 486 733 ideo
497 716 537 733 talis
548 719 576 733 est
585 716 643 733 virtus
655 716 752 737 sermonis,
764 716 841 739 qualiter
856 722 877 733 eo
891 720 962 733 actores
972 717 1093 733 communiter

160 752 234 766 utuntur
246 752 263 766 et
273 749 344 772 qualem
355 749 411 772 exigit
421 749 501 771 materia,
512 756 553 766 cum
563 755 658 766 sermones
668 750 706 767 sint
712 750 812 772 recipiendi
821 755 877 773 penes
887 750 978 767 materiam
987 750 1092 772 subjectam.

204 783 255 804 Item,
266 782 316 806 quod
326 782 388 799 nullus
399 783 446 800 dicat
456 783 563 806 simpliciter
572 783 601 800 vel
610 783 631 800 de
639 783 706 800 virtute
716 783 807 800 sermonis
817 789 890 800 omnem
899 783 1044 806 propositionem
1052 789 1093 800 esse

157 815 226 837 falsam,
234 822 270 839 que
279 819 327 833 esset
337 816 381 833 salsa
392 816 493 833 secuudum
501 816 646 839 suppositionem
654 816 769 839 personalem
776 816 901 838 terminorum,
911 822 932 833 eo
941 816 991 839 quod
999 816 1034 833 iste
1043 822 1094 834 error

159 849 208 867 ducit
218 849 241 866 ad
250 850 330 873 priorem
341 855 429 871 errorem,
440 853 511 867 actores
522 850 569 866 enim
581 855 624 872 sepe
634 853 710 867 utuntur
719 850 760 866 aljis
771 850 934 873 suppositionibus.

202 883 254 904 Item,
265 883 315 906 quod
324 883 387 900 nullus
398 883 444 900 dieat
455 883 503 906 quod
513 883 563 900 nulla
575 883 678 906 propositio
687 883 712 900 sit
720 883 857 906 distinguenda,
870 883 955 906 quoniam
966 882 1001 900 hoc
1013 883 1062 900 ducit
1072 883 1094 900 ad

160 916 252 940 predictos
262 922 342 938 errores,
353 916 396 940 quia
408 916 424 934 si
436 916 538 940 discipulus
551 922 607 933 unum
618 916 748 940 propositionis
761 922 835 934 sensum
848 916 919 940 recipit,
933 919 951 933 et
962 916 1026 933 doctor
1039 916 1093 933 alium

158 950 276 972 intellexerit,
286 950 388 973 discipulus
398 950 443 967 salso
453 949 588 971 informabitur,
599 949 657 967 donec
667 949 769 973 propositio
779 949 907 973 distinguetur⁴
920 949 1007 967 Similiter
1015 949 1029 966 si
1040 955 1093 972 oppo1

159 989 204 1000 nens
215 989 271 1000 unum
283 989 358 1000 sensum
372 983 453 1006 recipiat,
467 987 485 1000 et
497 983 612 1006 respondens
624 983 700 1000 alterum
713 988 788 1000 sensum
802 982 898 1006 intelligat,
911 983 1010 1006 disputatio
1024 983 1059 999 erit
1072 983 1093 1000 ad

159 1023 226 1034 nomen
236 1020 311 1038 tantum,
322 1017 339 1033 si
348 1022 385 1033 non
396 1016 427 1033 fiat
434 1016 533 1033 distinctio
947 1017 949 1019 '

204 1051 256 1071 Item,
266 1050 316 1073 quod
326 1050 388 1067 nullus
401 1050 448 1067 dicat
461 1049 605 1073 propositionem
618 1049 686 1066 nullam
699 1055 741 1066 esse
753 1050 895 1071 concedendam,
907 1050 924 1066 si
934 1055 970 1066 non
983 1050 1007 1067 sit
1020 1055 1062 1067 vera
1076 1050 1093 1066 in

159 1084 199 1107 ejus
207 1089 263 1101 sensu
274 1083 355 1107 proprio,
367 1083 409 1106 quia
417 1083 452 1100 hoc
463 1083 524 1100 dicere
532 1083 583 1100 ducit
592 1083 614 1100 ad
624 1083 716 1106 predictos
726 1089 807 1105 errores,
816 1083 859 1106 quia
869 1083 928 1100 Biblia
941 1086 960 1100 et
971 1086 1043 1100 actores
1057 1089 1094 1100 non

160 1123 232 1140 semper
247 1117 364 1134 sermonibus
376 1120 452 1134 utuntur
467 1116 568 1134 secundum
580 1117 664 1140 proprios
677 1123 743 1134 sensus
758 1122 827 1134 eorum*
842 1117 901 1140 Maffi's
917 1117 973 1139 igitur
988 1120 1059 1139 oportet
1076 1117 1094 1133 in

159 1150 263 1168 affirmando
274 1150 303 1168 vel
314 1150 400 1174 negando
410 1156 505 1167 sermones
513 1150 535 1167 ad
546 1150 638 1167 materiam
650 1150 750 1173 subjectam
760 1150 861 1172 attendere,
871 1156 924 1173 quam
933 1150 957 1167 ad
966 1150 1094 1172 proprietatem

160 1184 257 1205 sermonis,
267 1183 367 1207 disputatio
378 1189 455 1207 namque
466 1183 488 1200 ad
498 1184 626 1207 proprietatem
636 1184 727 1201 sermonis
738 1183 833 1201 attendens
843 1183 910 1200 nullam
921 1183 1013 1206 recipiens
1027 1189 1094 1206 propo-

160 1219 252 1240 sitionem,
268 1222 384 1242 preterquam
399 1219 417 1236 in
432 1225 488 1236 sensu
499 1219 579 1242 proprio,
593 1225 629 1236 non
642 1222 670 1236 est
682 1219 717 1236 nisi
728 1219 828 1242 sophistica
841 1218 945 1242 disputatio.
959 1219 1095 1241 Disputationes

160 1252 259 1275 dyalectice
274 1256 291 1269 et
308 1252 425 1274 doctrinales,
440 1258 475 1275 que
486 1252 507 1269 ad
522 1252 659 1275 inquisitionem
672 1252 753 1270 veritatis
768 1252 870 1274 intendunt,
884 1252 973 1270 modicam
991 1252 1059 1270 habent
1073 1253 1095 1270 de

160 1285 265 1302 nominibus
276 1285 426 1302 sollicitudinem.
530 1305 537 1310 ¹

203 1318 256 1340 Item,
266 1318 316 1341 quod
323 1318 385 1335 nullus
397 1318 444 1335 dicat
450 1318 544 1335 scientiam
552 1316 621 1336 nullam
628 1324 670 1336 esse
681 1319 703 1336 de
714 1318 769 1336 rebus
779 1325 814 1342 que
822 1325 859 1336 non
869 1323 912 1337 sunt
919 1320 977 1343 signa,
987 1320 1005 1336 id
1014 1323 1049 1341 est,
1059 1326 1094 1343 que

161 1357 198 1369 non
208 1354 252 1369 sunt
260 1351 333 1368 termini
343 1351 373 1369 vel
382 1351 481 1373 orationes,
493 1352 578 1375 quoniam
588 1352 607 1369 in
617 1352 699 1369 scientiis
710 1353 778 1369 utimur
787 1353 870 1370 terminis
880 1359 913 1376 pro
924 1353 986 1374 rebus,
999 1359 1044 1377 quas
1055 1359 1095 1376 por-

161 1389 199 1402 tare
209 1392 247 1402 non
256 1391 355 1408 possumus
365 1385 387 1402 ad
398 1385 537 1409 dispumtiones.
550 1386 593 1403 Ideo
603 1386 696 1403 scientiam
707 1386 795 1404 hahemus
806 1387 828 1404 de
841 1386 903 1408 rebus,
917 1387 960 1404 licet
972 1386 1095 1404 mediantibus

161 1419 244 1437 terminis
253 1419 283 1436 vel
292 1419 412 1437 orationibus.

206 1454 257 1475 Item,
268 1453 318 1477 quod
328 1452 390 1470 nullus
401 1456 471 1470 asserat
479 1453 549 1476 absque
559 1454 677 1471 distinctione
686 1454 715 1471 vel
725 1453 845 1476 expositione,
857 1454 905 1476 quod
916 1454 1000 1471 Socrates
1010 1457 1028 1470 et
1037 1453 1094 1474 Plato,

161 1487 190 1504 vel
199 1488 250 1505 Deus
259 1490 278 1504 et
287 1491 370 1505 creatura
379 1487 436 1504 nichil
445 1487 504 1507 sunt’,
516 1487 601 1510 quoniam
611 1487 641 1504 illa
651 1486 706 1504 verba
716 1487 773 1510 prima
782 1487 828 1503 facie
838 1486 884 1503 male
895 1490 966 1507 sonant,
975 1490 993 1503 et
1003 1486 1044 1509 quia
1055 1486 1095 1503 talis

222 1517 242 1530 ὥ.
