1308 1835
189 216 212 233 44
479 222 640 234 ciun'runxrmu
657 223 752 234 umvsns.
770 223 834 235 Panis.
1075 218 1124 236 [1290

188 259 318 282 juramentum,
333 259 420 282 quosdam
435 259 536 276 haealarios
551 265 583 282 per
600 259 733 282 depositionem
749 260 877 282 magistrorum
896 260 987 277 inhabiles
1003 264 1021 277 et
1037 260 1124 283 indignos

190 292 327 309 licentiaveritis
338 298 371 315 pro
380 295 442 309 vestre
451 292 504 309 libito
513 292 621 314 voluntatis,

235 326 287 346 Item,
295 331 336 342 cum
347 325 370 342 de
380 325 512 342 consuetudine
523 325 610 342 hactenns
618 325 698 342 Parisius
706 325 807 347 observata,
815 325 901 343 bacalarii
910 326 1016 343 licentiandi
1026 326 1045 343 in
1055 326 1124 344 artibus

191 364 223 381 per
240 358 337 381 magistros
354 362 440 381 regentes
456 358 554 375 examinari
570 359 657 379 debeant,
675 362 692 375 et
709 365 748 380 vos,
765 359 872 376 cancellarie
889 359 1007 380 Parisiensis,
1024 359 1124 376 bacalarios

190 392 301 408 examinatos
312 397 345 414 per
354 397 391 408 non
402 395 487 414 regentes
497 391 640 413 licentiaveritis‚
651 392 670 409 in
680 392 769 409 facultatis
779 398 815 409 non
826 392 915 409 modicam
926 392 1024 413 lesionem

235 425 339 446 Item,‘cum
348 425 372 442 de
381 425 454 442 illorum
465 425 595 442 bacalariorum
605 425 713 443 sufficientia
722 426 747 443 sit
756 425 812 443 multo
822 425 948 443 rationabilius
958 431 1011 448 quam
1022 425 1045 442 de
1055 425 1124 442 insuffi—

190 458 255 476 cientia
273 458 421 482 presumendum,
437 458 468 482 qui
485 458 520 476 sub
536 458 604 476 nullius
621 458 731 476 confidentia
748 459 814 476 favoris
831 459 853 476 ad
868 465 943 476 examen
960 465 979 476 se
997 458 1077 476 offerunt
1091 465 1124 482 per

190 492 278 515 rigorem,
292 495 311 509 et
324 498 365 509 cuin
380 492 403 509 ad
416 492 532 515 questionem
548 499 583 509 una
599 492 647 509 bona
661 493 690 510 vel
705 492 750 509 mala
765 492 862 515 responsio
876 492 997 509 sufficientem
1011 492 1041 509 vel
1054 492 1125 509 insuss‘-

190 525 267 542 cienteln
280 531 317 542 non
330 529 393 548 arguat
405 525 554 548 respondentem,
564 526 608 543 satis
620 529 694 549 apparet
706 525 767 542 lucide
779 525 829 548 quod
840 525 886 542 tales
898 525 997 548 diligenter
1010 525 1028 542 in
1040 525 1124 548 pluribus

190 558 289 582 propositis
304 559 419 582 diversisque
433 559 547 582 temporibus
561 562 603 576 sunt
616 559 721 581 temptandi=
738 562 755 575 et
768 564 805 575 non
819 559 887 581 impetu
903 558 964 576 subito
979 558 1076 576 inhoneste
1090 565 1124 576 nec

190 592 267 615 turpiter
279 592 313 609 eici
324 592 354 610 vel
368 592 438 615 repelli,
449 595 468 609 et
478 598 519 613 vos,
529 592 636 609 cancellarie
649 592 765 612 Parisiensis,
777 592 848 614 aliquos
861 592 960 609 bacalarios
973 592 1040 615 dignos
1052 592 1124 609 licentia

190 631 223 649 per
239 626 327 649 rigorem,
342 629 437 648 antequam
454 628 531 648 possent
546 625 564 642 in
582 625 637 642 unius
653 625 755 648 argumenti
773 625 881 648 repetitione
897 625 927 642 vel
941 625 1033 642 solutione
1048 632 1057 642 a
1072 625 1124 643 vobis

188 659 254 680 audiri,
266 662 328 676 vestre
341 658 453 681 impatientie
466 661 484 675 et
497 658 616 681 eapitositatis
627 661 689 681 raptus
701 658 796 681 voragine,
808 658 903 679 conviciis,
914 658 1019 682 obprobriis
1031 662 1050 676 et
1061 662 1125 676 contu-

189 692 250 709 meliis
259 692 364 713 affeceritis.
375 691 426 715 ipsos
436 698 445 709 a
455 695 516 709 vestro
527 692 608 709 examine
618 691 716 715 plurimum
726 691 786 709 viliter
797 695 814 709 et
824 692 972 709 irrationabiliter
982 692 1099 715 expellendo,

234 726 286 746 Item,
297 731 338 742 cum
350 724 451 742 bacalarios
465 725 535 748 aliquos
549 731 568 742 se
584 725 605 742 ad
620 731 694 742 examen
707 728 768 742 vestro
780 725 898 742 commissum
911 725 1003 748 regimini,
1017 725 1035 742 in
1048 725 1124 742 ecclesia

189 759 219 776 vel
234 759 253 775 in
267 758 354 780 claustro,
365 758 393 775 vel
406 758 456 780 alibi²
469 758 500 775 uhi
513 758 608 776 vobiscum
622 759 717 775 commode
730 759 780 782 loqui
794 762 883 782 poterunt,
897 759 1002 780 offerentes,
1016 762 1077 782 preter
1090 758 1124 775 hoc

190 791 241 815 quod
255 792 285 809 vel
299 792 344 809 alias
358 792 381 809 de
396 792 481 815 personis
496 798 566 813 eorum,
582 798 616 809 nec
630 795 716 815 quantum
734 792 756 809 ad
772 792 936 813 conversationem,
952 798 986 809 nec
1000 795 1086 815 quantum
1103 792 1125 809 ad

190 825 266 842 scientie
281 825 407 842 sufficientiam
421 825 450 842 vel
464 825 618 847 insufficientiam,
630 825 712 842 notitiam
727 825 826 846 haberetis,
836 831 869 842 vos
883 825 934 848 quasi
950 825 1044 848 cujusdam
1057 825 1125 842 suroris

189 862 251 881 raptus
268 858 343 881 impetu,
358 858 414 875 vestri
429 862 487 875 status
501 858 603 880 immemor,
617 858 691 875 vidente
706 858 755 875 clero
770 862 788 875 et
801 859 876 881 populo,
892 858 954 876 verbis
967 858 1124 876 inhonestissimis

188 891 324 912 infestaveritis,
336 897 369 908 eos
381 899 390 908 «
403 892 465 909 asinos
476 892 543 909 fetidos
556 898 564 907 >s
578 892 619 909 altis
630 892 708 909 vocibus
720 892 841 912 inclamando,
853 892 907 909 immo
921 898 953 909 eos
963 898 996 915 pre
1006 892 1061 909 nimia
1073 898 1125 909 vere-

189 924 255 942 cundia
265 925 358 948 sugientes
369 925 486 942 tumultuosis
496 925 613 947 clamoribus,
623 928 686 942 contra
696 925 752 942 vestri
762 929 820 943 status
830 925 938 946 decentiam,
948 925 1073 948 insequendo;

234 959 286 979 Item,
296 964 337 975 cum
347 958 369 975 ad
378 958 468 976 honorem
477 958 628 976 licentiandorum
642 962 660 975 et
669 958 691 976 ad
702 964 765 976 eorum
775 958 858 976 licentias
868 958 995 976 honorabilius
1005 958 1125 982 publicandas

190 991 278 1009 hactenus
294 992 374 1009 extiterit
387 992 468 1009 Parisius
483 992 606 1013 observatum,
619 992 668 1015 quod
683 992 702 1009 in
716 992 788 1009 fervore
803 992 859 1009 studii
876 996 894 1009 et
913 992 931 1009 in
947 992 1044 1009 scolarium
1061 992 1125 1015 majori

191 1025 307 1042 multitudine
323 1025 464 1042 licentiabantur
479 1025 563 1042 bacalarii
578 1025 596 1042 in
610 1025 690 1048 qnalibet
701 1025 792 1046 facultate,
805 1029 823 1042 et
836 1031 876 1046 vos,
889 1025 997 1042 cancellarie
1009 1026 1124 1046 Parisiensis,

190 1061 253 1075 contra
259 1058 325 1075 dictam
333 1058 492 1080 consuetudinem,
499 1058 568 1081 absque
577 1059 691 1076 necessitatis
697 1059 726 1076 vel
734 1059 811 1082 alicujus
819 1065 873 1076 cause
881 1059 989 1076 sufficientis
996 1059 1083 1082 impulsu,
1092 1058 1125 1076 sed

191 1092 251 1108 solnm
266 1098 299 1114 pro
309 1095 370 1108 vestre
380 1091 432 1108 libito
446 1091 552 1113 voluntatis,
562 1092 645 1109 licentias
659 1092 678 1108 in
692 1092 763 1109 artibus
779 1092 894 1109 contuleritis
910 1092 1019 1109 inconsueto
1036 1095 1125 1115 tempore,

190 1125 290 1148 expediens
301 1125 406 1148 provisione
416 1125 490 1148 pejores
499 1131 539 1142 cum
551 1125 665 1146 melioribus,
675 1124 743 1148 gradus
753 1125 826 1142 debitos
835 1128 854 1142 et
863 1128 947 1142 assuetos
956 1125 1084 1147 ommittendo;

236 1159 287 1179 Item,
301 1164 342 1175 cum
356 1164 388 1175 vos
404 1161 466 1175 contra
480 1161 545 1175 statuta
558 1158 654 1181 quemdam
669 1158 764 1180 scolarem,
778 1159 798 1175 in
812 1158 901 1181 religione
918 1158 1027 1181 professum,
1044 1158 1125 1175 lieentia-

190 1192 254 1209 veritis
267 1192 289 1208 de
302 1191 407 1214 incipiendo
420 1194 437 1208 et
450 1191 530 1214 legendo
543 1191 561 1208 in
575 1191 651 1213 artibus,
662 1197 699 1208 non
712 1191 795 1208 obstante
807 1191 857 1214 quod
866 1191 973 1214 juraveritis
985 1191 1095 1208 eontrarium
1108 1195 1127 1208 et

192 1225 298 1247 expresse⁴3

236 1259 287 1280 Item,
299 1261 368 1276 certum
378 1262 406 1275 est
416 1258 465 1281 quod
475 1258 569 1275 nobilibus
579 1261 596 1275 et
606 1258 710 1282 petentibus
720 1264 757 1275 non
767 1257 899 1275 sufficientibus
909 1257 931 1274 ad
942 1258 1059 1275 obtinendam
1069 1258 1126 1275 licen-

191 1291 233 1309 tiam
247 1298 280 1315 per
294 1292 380 1315 rigorem,
392 1298 468 1315 quorum
481 1292 554 1309 licentia
568 1295 587 1309 et
599 1291 678 1315 inceptio
692 1292 757 1309 cedere
770 1295 831 1314 potest
844 1291 863 1308 in
875 1291 963 1308 honorem
977 1295 996 1309 et
1010 1292 1125 1309 commodum

192 1325 248 1342 totius
264 1325 362 1347 facultatis,
375 1325 423 1342 bene
439 1328 467 1342 est
480 1325 590 1348 aliquotiens
605 1325 757 1348 dispensandum,
771 1324 804 1341 sed
818 1331 858 1342 cum
873 1324 928 1348 aliqui
942 1325 964 1342 de
977 1325 1045 1342 familia
1058 1328 1124 1346 vestra,

191 1358 248 1381 aliqui
262 1358 293 1375 alii
309 1358 357 1380 laici,
371 1358 459 1376 mulieres
473 1362 491 1375 et
507 1358 560 1375 etism
575 1358 661 1375 istriones
675 1358 745 1382 gracias
760 1357 834 1375 venales
849 1358 876 1375 eis
890 1364 899 1375 a
914 1358 966 1375 vobis
981 1364 1079 1375 concessas
1093 1364 1126 1382 per

191 1392 253 1409 villam
266 1392 328 1415 sepius
341 1392 440 1409 detulerint
450 1392 523 1415 publice
535 1392 557 1409 ad
568 1392 693 1413 vendendum;
707 1398 740 1409 nec
752 1392 853 1415 querebant
865 1392 936 1409 nobiles
949 1398 982 1409 nec
995 1392 1081 1413 scientes,
1092 1392 1125 1409 sed

191 1425 300 1449 simpliciter
309 1425 423 1449 ignorantes,
434 1426 464 1449 qui
475 1429 534 1443 mmen
545 1429 621 1449 possent
630 1431 681 1443 suam
691 1425 811 1449 ignorantiam
821 1425 912 1442 redimere
921 1431 954 1448 per
963 1425 1037 1442 multam
1047 1425 1125 1449 pecunie

192 1459 318 1482 quantitatem·⁷
330 1462 348 1475 et
357 1464 397 1480 vos,
409 1458 517 1476 cancellarie
527 1458 642 1480 Parisiensis,
653 1458 710 1476 dictas
724 1458 801 1482 gracias,
811 1459 888 1482 pecunie
901 1458 959 1481 pretio
971 1459 1090 1481 appreciatas,
1103 1458 1125 1475 ad

192 1492 281 1509 dictorum
302 1492 404 1509 instantiam
428 1495 556 1513 mercatorum,
579 1491 687 1515 quibusdam
710 1492 804 1509 bacalariis
826 1492 924 1513 dederitis,
945 1495 962 1508 et
984 1492 1028 1508 tanti
1049 1491 1125 1508 sceleris
