1308 1835
211 200 260 219 1346]
413 207 436 218 ΑΒ
452 207 506 218 ΔΝΜ
522 206 640 218 mcczxxxw
658 206 724 221 usque
740 206 764 217 An
782 205 851 217 Aurum
868 205 939 217 mecm„
1110 202 1143 219 583

255 244 305 264 Item,
326 242 376 266 quod
396 243 412 260 si
430 247 508 266 poneret
525 243 668 266 generationem,
688 249 724 260 uon
744 246 820 266 poneret
839 242 947 266 subjectum,
968 242 1001 259 sed
1018 242 1077 260 solum
1096 244 1143 260 ordi-

211 282 253 293 nem
263 276 328 299 ipsiu[s
338 282 392 293 cause
402 278 450 299 post]
459 282 496 293 non
510 282 558 296 esse,
569 279 611 299 puta
626 277 661 293 hoc
670 282 703 293 ens
714 280 748 298 est,
759 280 778 294 et
786 277 838 300 prius
849 283 885 293 non
895 276 935 293 suit.
945 276 979 294 Vel
990 276 1006 293 si
1015 276 1099 299 al[iquem
1107 283 1143 293 ino·

210 310 259 330 dum]
267 309 396 332 intelligerem,
404 309 439 326 hoc
447 312 498 326 esset
504 312 600 332 respectus
607 309 693 326 fundatus
701 310 720 326 in
730 313 778 331 ente,
788 312 828 330 [nec
839 310 874 327 sub
881 310 916 327 alio
926 310 1027 330 intellec]tu
1034 309 1144 327 concederet

210 348 324 360 communem
338 342 443 365 opinionem
458 342 592 365 philosoforum
603 348 607 359 z
619 348 640 359 ex
655 342 723 359 nichilo
738 343 801 363 [nichil
815 342 840 364 Iit]
854 344 893 366 (50).
902 343 1004 361 —Falsum
1013 346 1030 360 el
1039 343 1142 360 hereticum.

255 376 299 392 Item
312 375 364 396 [dixit
377 375 395 392 in
409 375 484 398 quadarn
499 375 634 398 disputa]tione,
647 376 696 398 quod
710 376 752 398 quia
765 376 877 393 desiderium
890 376 971 393 naturale
986 382 1023 393 non
1036 380 1065 393 est
1076 376 1143 393 frustra

209 409 258 429 ide[o
275 408 362 432 quicquid
379 408 517 430 desidera]mus‚
535 408 633 431 aliquando
650 408 779 431 adipiscemur⁴
797 409 850 425 Unde
868 409 972 432 quicunque
989 410 1057 433 appetit
1072 409 1098 426 ire
1115 409 1144 431 [ad

210 443 296 460 Nostram
306 442 408 464 Dominam]
418 442 514 466 aliquando
525 442 558 459 ibit
566 443 605 465 (51).
612 442 754 459 —Hereticumt

254 477 298 493 Item
316 478 369 497 an[no
386 476 480 497 secundo]‚
495 481 532 499 quo
545 476 589 493 fecit
605 475 660 493 istum
676 478 776 496 tractatum,
790 475 839 496 fecit,
854 478 874 492 ut
884 475 958 497 dieitur,
972 476 1080 499 proclamari
1094 476 1143 499 quod

209 509 280 532 legeret
293 509 361 526 librum
371 509 453 526 Pollitice
467 509 569 526 Aristotilis
583 508 618 526 sub
632 508 666 526 hac
680 509 750 526 forma:
761 515 770 524 «
782 508 890 532 Quicunque
904 508 984 526 voluerit
998 510 1062 526 audire
1076 509 1143 526 librum

210 543 293 560 Pollitice
301 543 403 560 Aristotilis
413 549 448 559 una
461 549 502 559 cum
516 542 626 565 quibusdam
640 542 775 565 questionibus=
789 542 809 559 in
821 542 888 565 quibus
903 542 1016 565 disceptatur
1029 543 1051 559 de
1062 543 1113 566 justo
1126 546 1143 560 et

210 576 278 599 injusto
292 582 325 599 per
340 582 385 599 quas
393 589 405 593 .,
413 579 483 599 poterat
496 581 553 593 novas
566 576 618 599 leges
632 575 719 597 condere,
732 575 822 597 conditas,
837 575 852 592 si
863 581 898 598 que
911 575 948 592 sint
960 575 1076 598 corrigende,
1087 576 1144 593 corri-

208 615 260 632 gere,
270 609 331 626 veniat
345 609 366 626 ad
382 609 435 626 talem
445 609 512 630 locum,
526 612 543 626 et
558 609 640 626 inveniet
652 609 758 632 magistrum
773 609 867 626 Nicolaum
880 609 903 626 de
916 609 1015 626 Ultricuria
1028 609 1059 632 qui
1071 609 1145 626 docebit

209 643 270 659 omnia
279 642 314 659 ista
323 642 342 659 in
352 642 420 659 lectura
430 642 462 659 hae
473 642 554 665 predicta
563 649 577 659 »⁴
589 643 610 659 ln
621 643 696 665 quadam
707 643 804 666 questione
818 642 885 659 dicitur
900 642 1051 663 [de]terminasse‚
1063 642 1111 665 quod
1125 643 1144 660 in

208 675 268 698 aliquo
282 681 325 693 casu
338 676 406 692 furtum
420 678 458 692 erat
471 676 548 697 licitum,
563 679 580 693 et
595 676 715 699 exemplificat
729 676 748 693 in
760 682 803 693 casu
816 676 847 698 qui
862 676 951 698 sequitur.
967 676 1046 692 Ponatur
1059 675 1107 698 quod
1119 676 1143 692 sit

209 709 275 732 aliquis
283 709 357 732 juvenis
367 709 414 726 bene
422 712 482 730 natus,
491 709 522 732 qui
530 709 610 726 inveniat
620 709 698 732 aliquem
709 709 740 732 qui
750 709 768 726 in
781 709 832 726 hrevi
843 709 886 726 velit
896 709 955 732 ipsum
965 709 1057 726 instruere
1066 708 1086 725 in
1095 709 1145 725 omni

210 742 285 760 scientia
295 742 407 766 speculativa
416 748 451 765 que
461 746 522 765 potest
531 742 595 760 haberi
605 743 628 760 de
637 742 694 760 rebus
704 742 777 764 creatis,
787 746 805 760 et
815 748 852 760 non
863 742 908 760 velit
916 743 976 760 facere
986 742 1022 759 nisi
1032 742 1063 759 ille
1070 742 1145 765 juvenis

210 776 241 793 det
250 775 286 793 sibi
295 779 368 793 centum
376 776 439 797 libras,
450 781 495 799 quas
503 775 534 793 ille
542 776 616 799 juvenis
627 776 694 793 hahere
703 782 741 793 non
751 779 812 799 potest
819 776 854 793 nisi
865 781 897 799 per
905 776 978 793 furtum.
989 775 1044 797 Dixit,
1056 776 1104 799 quod
1112 775 1144 793 illo

210 815 253 826 casu
261 809 328 826 furtum
339 812 377 826 erat
383 809 453 826 licitum
463 808 490 825 illi
498 809 568 832 juveni,
577 809 626 832 quod
636 808 701 832 probat
711 809 744 826 sie.
755 809 808 831 Quod
818 812 846 826 est
855 809 932 826 amabile
940 810 985 830 Deo,
997 812 1025 826 ost
1031 809 1143 830 faciendum

210 842 243 859 sed
250 842 299 865 quod
307 842 422 865 istejuvenis
430 842 511 865 acquirat
522 848 572 859 suam
581 842 712 865 perfectionem
719 842 737 859 in
745 842 833 865 predictis
841 846 869 859 est
876 842 953 859 amabile
959 843 1005 864 Deo,
1013 846 1032 859 et
1038 848 1076 859 non
1084 846 1144 866 potest

209 882 242 899 per
252 876 306 893 alium
315 875 388 893 modum
402 875 460 896 [ΗΜ-ἣ,
471 879 491 892 ut
501 875 569 892 dictum
579 879 613 896 est,
625 881 677 898 quam
688 881 721 898 per
730 875 797 892 furtum
806 881 810 892 z
821 881 866 899 ergo
876 876 943 892 furtum
954 879 981 893 est
990 876 1093 893 faciendum
1100 876 1140 898 (52).

210 909 267 926 Multa
285 909 339 926 etiam
357 908 391 926 alia
408 909 475 926 dicitur
491 906 590 931 scripsisse
610 912 629 926 et
649 909 718 926 dixisse
734 909 753 925 in
769 909 919 926 conclusionibus
937 915 993 932 super
1008 909 1075 926 librum
1092 909 1144 926 illurn

210 948 293 959 erronea.
304 943 326 959 Et
336 942 393 959 dictas
404 942 517 965 questiones,
529 945 547 959 et
556 942 612 959 multa
622 942 657 959 alia
671 948 727 965 opera
744 947 777 959 sua
788 942 874 959 dicuntur
883 941 951 959 habere
962 942 1034 965 quidam
1044 942 1145 959 monachus

211 976 229 993 M
241 978 281 997 [ΔΜ]
295 975 372 993 Ordinis
386 976 444 992 sancti
460 975 562 997 Benedicti,
578 975 608 998 qui
623 979 698 993 vocatur
712 975 813 997 Wieierus,
830 979 848 992 et
864 975 895 993 ille
906 981 950 993 suus
965 975 1014 993 0d‚..
1028 986 1050 988 —
1067 976 1144 993 Fatuum

210 1009 268 1032 quoad
274 1009 442 1032 preconisationem,
447 1009 518 1032 falsum
527 1008 584 1032 quoad
590 1009 723 1032 probationem,
732 1012 750 1026 et
759 1009 855 1027 hereticum
866 1009 924 1033 quoad
933 1009 1103 1027 determinationem.

256 1042 323 1060 Omnes
334 1042 411 1065 predicti
420 1042 492 1059 articuli
502 1042 575 1059 extracti
586 1042 660 1059 suerunt
669 1042 692 1059 de
701 1042 765 1059 libello
776 1042 813 1065 q[ui
823 1042 887 1065 incipit
896 1042 990 1066 :Ex1]git‚
1001 1046 1034 1060 etc.

488 1096 577 1113 Secuntur
591 1096 667 1113 articuli
679 1096 730 1113 missi
741 1095 763 1113 de
774 1096 866 1113 Parisius.

256 1138 309 1160 Quod
319 1138 339 1155 in
349 1138 417 1155 lumine
430 1138 507 1155 naturali
518 1137 623 1155 intellectus
632 1138 708 1155 viatoris
720 1143 757 1154 non
766 1139 833 1161 [potest
842 1137 909 1155 hahere
919 1137 1010 1159 noti]ciani
1022 1138 1113 1155 evidentia
1122 1138 1145 1155 de

211 1171 307 1189 existentia
319 1177 381 1189 rerum
394 1171 488 1189 evidencia
502 1171 575 1188 reducta
590 1173 629 1192 [seu
639 1171 775 1192 reducihili1ad
788 1171 897 1189 evidentiam
907 1177 940 1189 seu
950 1171 1078 1189 certitudinem
1092 1172 1145 1195 primi

212 1205 321 1229 principii¹¹>
329 1205 433 1223 —Falsum
443 1207 460 1222 et
471 1210 570 1223 erroneum.

256 1239 308 1260 Item,
319 1239 368 1261 quod
378 1238 413 1255 hoc
426 1242 454 1256 est
467 1238 544 1261 primum
559 1238 668 1262 principium
682 1242 699 1255 et
712 1244 750 1256 non
762 1238 823 1255 aliud:
836 1239 853 1264 si*
861 1238 930 1261 aliquid
939 1241 973 1259 est,
988 1238 1058 1261 aliquid
1070 1242 1098 1256 est
1105 1239 1144 1261 (53).

211 1282 233 1285 —
242 1272 321 1289 Falsum⁴

257 1305 308 1325 Item,
323 1305 374 1327 quod
383 1305 433 1322 Deus
444 1308 462 1322 et
471 1308 552 1322 creatura
565 1311 601 1323 uon
614 1309 658 1323 sunt
668 1305 754 1328 aliquidu
766 1305 805 1328 (54).
813 1315 836 1318 -—
846 1305 919 1322 Falsum
932 1307 948 1322 et
958 1305 1081 1322 scandalosum
1089 1308 1145 1328 prout

211 1339 265 1360 jacet⁴

258 1372 309 1393 Item,
325 1372 375 1395 quod
390 1371 511 1395 significabile
527 1372 621 1395 complexe
635 1378 668 1395 per
682 1372 729 1389 istud
745 1372 859 1395 complexum
873 1378 876 1389 ι
890 1372 939 1389 Deus
954 1375 972 1389 et
986 1375 1067 1389 creatura
1082 1371 1147 1389 distin-

214 1408 289 1428 guntur,
300 1404 357 1422 nichil
367 1409 395 1422 est
403 1406 442 1427 (55).
450 1405 552 1422 *Falsum
564 1408 580 1422 et
592 1405 720 1423 scandularum.

259 1439 310 1461 Item,
326 1438 376 1461 quod
390 1442 419 1455 est
434 1438 520 1455 transitus
535 1438 558 1455 de
572 1438 713 1455 contradictorio
727 1438 746 1455 in
760 1439 920 1456 contradictorium
935 1438 975 1456 sine
990 1438 1089 1455 mutatione
1102 1438 1146 1462 reali

214 1472 341 1495 cujuscunque
352 1472 446 1489 intrinsiee
453 1472 492 1494 (56)
501 1482 523 1485 —-
530 1472 608 1490 Falsum.
