1308 1835
143 208 176 232 266
350 224 352 226 -
433 220 592 232 cumi-nmmum
609 220 705 232 univers.
722 221 787 233 mnis.
1026 215 1076 234 [1322

144 257 203 275 dictus
215 257 308 275 Iohannes
319 253 363 275 se'eit
375 257 471 280 quemdam
484 253 580 280 ignemde
591 257 702 274 carbonibus
714 257 737 274 de
749 257 865 281 longitudine
875 261 893 275 et
902 257 997 275 latitudine
1010 258 1075 281 ipsius,

143 285 199 314 super
213 296 248 313 quo
263 285 307 313 igne
321 290 383 313 posuit
397 290 464 307 herbas
480 290 550 313 plures,
565 293 584 307 et
596 293 638 313 post
653 296 709 313 super
722 291 749 307 eis
764 290 826 307 herbis
842 290 886 308 fecit
900 291 960 314 ipsum
974 290 1042 308 cubare
1058 294 1078 307 et

143 324 211 340 ibidem
223 323 291 346 jacere,
306 329 402 346 quousque
416 324 456 347 ipse
470 323 557 340 sudorem
572 323 622 341 dedit
636 323 742 345 maximum;
758 327 776 341 et
792 323 907 346 postmodum
921 324 981 347 ipsum
997 324 1076 341 involve-

143 360 185 373 runt
197 356 216 373 in
226 352 305 379 quodam
316 356 435 374 liutheamine
445 360 464 373 et
475 360 577 379 posuerunt
588 362 628 374 euin
640 357 659 374 in
672 363 706 374 suo
716 357 772 378 lecto,
784 360 803 374 et
814 357 862 374 circa
874 357 934 379 ipsum
950 360 1015 374 tantam
1027 356 1077 373 adhi-

142 389 222 407 buerunt
234 389 347 413 diligentiam
363 390 411 413 quod
426 390 460 407 Dei
471 390 537 407 auxilio
551 393 568 407 et
580 390 626 407 dicta
641 396 684 407 cura
696 390 819 407 mediantibus
833 393 905 407 sanatus
918 390 983 407 extitit.
996 390 1077 406 Interro-

143 426 196 446 'gatus
210 423 225 440 si
242 423 281 446 ipsa
298 423 380 440 tractavit
392 429 433 440 cum
450 429 472 440 eo
485 423 507 440 de
524 424 615 441 visitando
631 427 650 441 et
666 424 746 441 sanando
763 424 834 446 ipsum,⁴
847 423 891 440 dicit
906 423 956 446 quod
969 429 1013 444 non,
1028 426 1047 440 et
1059 423 1077 439 ei

144 456 232 473 satisfecit
242 460 296 479 prout
306 456 385 474 voluerit
397 457 469 480 quando
480 460 554 475 sanatus
565 457 606 478 fuit,
617 460 634 474 et
644 457 702 474 credit
712 457 777 474 melius
789 463 841 480 quam
855 457 906 474 aliter
952 457 1077 479 Interrogatus

144 490 159 507 si
174 489 217 506 alibi
232 490 311 507 Parisius
326 493 344 507 et
356 490 374 507 in
390 490 484 507 suburbiis
494 490 614 508 visitaverunt
627 490 698 511 [Jacoha
715 493 733 506 et
748 489 846 511 Johannes]
863 490 952 511 infirmos,
969 490 1014 506 dicit
1027 489 1077 512 quod

144 523 203 539 nescit
218 523 254 540 nisi
270 523 292 541 de
306 523 375 544 auditu,
386 529 407 540 eo
423 527 482 540 tamen
497 526 579 546 excepto,
591 529 625 539 nec
638 522 687 539 aliud
699 523 734 539 scit
746 523 838 545 deponere
852 523 874 540 de
888 523 972 539 omnibus
986 523 1077 540 contentis

144 556 162 573 in
172 556 259 578 articulis„
271 557 307 574 nisi
320 556 370 579 quod
382 556 451 573 audivit
463 556 499 572 dici
509 562 519 572 a
528 556 613 579 pluribus
622 556 673 578 quod
682 556 721 578 ipsa
731 559 760 572 est
771 556 871 579 sapientior
881 556 899 572 in
909 559 947 572 arte
959 556 1049 579 cirurgica
1059 559 1077 573 et

144 589 233 607 medicine
244 595 297 612 quam
307 589 395 612 magister
404 589 487 606 medicus
497 592 515 606 et
524 589 626 612 cirurgicus
636 589 668 611 qui
678 589 701 606 sit
711 589 798 610 Pax-isius,
808 592 848 609 etc„
859 592 891 606 etc.

188 623 288 640 Clementia
299 622 321 639 de
332 622 416 643 Belvaco,
427 622 497 645 poteria
509 622 532 639 de
542 625 613 643 stanno„
624 628 739 640 commorans
749 625 790 639 ante
801 622 885 645 palatium
897 622 953 645 regis,
964 622 1023 643 testis„
1036 625 1076 644 etc„

143 656 173 673 die
184 655 275 673 dominica
286 658 327 673 ante
340 655 406 673 festum
421 655 468 672 beati
482 656 530 672 Luce
544 655 673 678 evangeliste¹¹
684 655 771 678 requisita
783 655 828 678 quid
842 655 887 673 sciat
899 655 922 672 de
935 655 1024 677 articulis,
1036 658 1076 677 eta,

143 689 243 712 respondet
258 695 291 712 per
309 689 434 711 juramentum
453 694 472 706 se
492 688 549 705 nichil
568 688 616 706 scire
633 688 681 710 [nisi]
698 689 753 712 quod,
771 695 811 705 cum
831 689 870 712 ipsa
890 692 983 712 pateretur
1000 688 1077 706 infirmi-

143 725 196 739 tatem
211 722 277 739 caloris
290 725 308 739 et
321 725 371 739 esset
384 722 404 739 in
417 721 501 739 manibus
515 721 633 744 phisicorum‚
648 722 722 739 maritus
736 722 795 745 ipsius
807 722 876 739 audivit
889 722 925 739 dici
937 728 947 739 a
959 722 1041 739 Johanne
1054 723 1077 739 de

143 756 208 772 Sancto
222 755 327 772 Audomaro
343 755 393 778 quod
407 755 454 772 dicta
468 755 534 772 Jacoba
550 755 609 778 ipsum
624 758 642 772 et
657 755 703 772 alios
717 755 740 772 de
756 755 891 772 infirmitatibus
905 755 945 772 suis
960 761 1014 778 quum
1027 756 1077 778 passi

142 789 214 805 fuerant
225 792 320 805 sanaverat
332 788 399 805 auxilio
411 788 444 805 Dei
458 788 554 805 mediante.
568 789 591 805 Et
602 792 645 805 tunc
657 789 733 806 maritus
744 789 785 811 ejus
798 789 848 805 misit
860 789 925 805 dictam
936 788 1020 806 Jacobnm
1033 794 1077 811 que-

143 822 204 839 situm.
220 822 259 844 Que
272 828 312 839 cum
326 822 413 843 venisset,
428 822 467 845 ipsa
479 821 546 839 Jacoba
558 821 638 844 respexit
650 822 720 839 urinam
734 825 751 839 et
763 822 823 845 tetigit
834 822 906 845 pulsum
919 822 978 845 ipsius
990 821 1047 839 nichil
1060 822 1077 839 ei

144 855 227 873 dicendo.
239 856 261 872 Et
271 861 311 872 cum
323 855 359 872 hoc
371 855 452 876 fecisset,
464 855 503 878 ipsa
513 855 580 872 Jacoba
591 855 635 872 fecit
646 855 686 872 fieri
698 855 794 878 quemdam
806 859 867 878 potum
880 855 902 872 de
912 855 996 878 pluribus
1006 855 1076 876 herbis,

143 889 229 906 videlicet
243 888 265 905 de
274 889 315 905 .,.,“
330 892 348 905 et
361 888 401 905 aliis
411 889 434 905 de
444 888 512 911 quibus
522 895 558 905 non
571 888 641 910 recolit,
654 889 677 905 ad
686 888 740 905 finem
751 889 800 911 quod
810 888 849 911 ipsa
862 888 933 905 biberet
945 888 967 905 de
978 889 1048 910 eodem,
1060 892 1078 905 et

143 928 184 939 cum
196 922 255 939 dictus
268 925 322 945 potus
334 922 392 939 factus
403 922 438 939 suit
450 925 468 938 et
479 922 539 945 ipsum
549 922 627 939 vidisset
638 922 678 945 ipsa
690 922 774 944 loquens,
786 922 808 938 de
819 927 840 938 eo
853 925 927 945 propter
937 921 1077 938 horribilitatem

144 959 197 978 potus
212 955 275 972 bibere
290 954 355 976 noluit,
371 955 483 977 maritusque
498 960 543 971 suus
556 958 575 972 et
587 955 653 978 phisici
667 955 695 972 sui
710 954 830 971 inhibuerunt
843 955 910 976 eidem,
923 958 944 971 ut.
956 955 1006 976 dicit,
1019 961 1042 972 ne
1054 955 1077 972 de

143 988 183 1011 ipso
196 991 239 1011 potu
249 991 326 1011 potaret-
340 989 453 1011 Interrogata
464 988 479 1005 si
490 988 535 1005 sciat
546 988 561 1005 si
571 988 617 1005 alios
626 988 709 1005 infirmos
719 988 824 1005 visitaverat
833 988 914 1005 Parisius
924 991 942 1005 et
953 988 972 1005 in
983 988 1077 1005 suburbiis

143 1024 161 1038 et
171 1021 186 1038 si
196 1021 230 1038 fuit
242 1027 318 1044 presens
329 1021 347 1038 in
358 1021 493 1039 visitationibus
506 1027 576 1042 eorum,
586 1024 626 1043 eta,
639 1021 739 1044 respondet
751 1027 771 1038 se
781 1021 837 1038 nichil
850 1021 897 1038 seire
910 1024 970 1044 preter
983 1021 1017 1038 hoe
1028 1021 1077 1044 quod

143 1054 227 1078 predixit„
239 1054 275 1072 nisi
285 1054 334 1078 quod
344 1054 413 1072 audivit
423 1054 459 1071 dici
469 1054 519 1077 quod
528 1054 567 1077 ipsa
578 1054 677 1072 johannem
689 1054 711 1071 de
722 1054 787 1072 Sancto
797 1054 900 1071 Audomaro
912 1057 929 1071 et
939 1054 985 1071 alios
994 1054 1077 1076 infirmos

143 1088 223 1105 Parisius
237 1094 283 1111 quos
299 1094 336 1105 non
349 1087 406 1109 novit,
420 1088 442 1105 de
455 1093 518 1105 eorum
533 1087 669 1105 infirmitatibus
680 1087 756 1109 sanavit,
769 1090 800 1105 etc.
815 1088 860 1105 Item
872 1093 925 1110 quam
937 1091 1006 1111 partem
1016 1087 1078 1105 mallet

144 1121 226 1138 obtinere
237 1121 255 1138 in
265 1121 298 1138 hac
308 1127 369 1142 causa,
380 1121 426 1138 dixit
434 1121 483 1138 illam
494 1127 529 1144 que
537 1122 568 1144 jus
579 1121 639 1138 habet.

187 1154 269 1171 Johanna
283 1160 329 1171 uxor
343 1152 422 1171 Dionisii
436 1154 480 1171 dicti
494 1154 574 1176 Bilbnut,
585 1160 700 1171 commorans
714 1155 733 1171 in
746 1155 787 1172 vico
801 1154 824 1171 de
838 1154 976 1171 Ferronuerie¹⁸
989 1154 1076 1175 Parisius,

144 1188 203 1209 testis,
217 1191 258 1209 etc„
273 1188 392 1211 interrogata,
404 1190 444 1209 eta,
457 1188 553 1211 respondit
567 1193 599 1211 per
611 1188 735 1211 juramentum
750 1188 799 1210 quod
817 1193 858 1204 cum
873 1187 921 1204 circa
937 1187 1003 1204 festum
1019 1187 1077 1204 sancti

143 1221 256 1238 Cristofori¹⁸
267 1221 349 1244 preteriti
359 1221 399 1244 ipsa
408 1224 458 1238 esset
467 1221 571 1238 infirmitate
581 1221 639 1238 febris
648 1220 721 1238 detenta
731 1226 806 1243 eamque
819 1220 837 1237 in
846 1220 892 1237 dicta
902 1220 1006 1237 infirmitate
1015 1220 1077 1237 visita-

141 1257 186 1271 runt
204 1254 332 1277 quamplurimi
349 1254 421 1277 phisici„
440 1254 527 1271 videlicet
544 1254 616 1277 quidam
633 1254 689 1271 frater
705 1254 728 1270 de
747 1253 840 1274 Cordelis,
858 1253 946 1276 magister
965 1254 1076 1275 Hermanus,

140 1287 272 1304 vMainfredus¹¹
285 1290 303 1304 et
314 1287 389 1310 plurimi
401 1287 438 1308 alii,
452 1287 475 1304 de
488 1287 535 1304 dicta
547 1287 651 1309 infirmijmte
664 1287 688 1303 ita
700 1287 734 1303 suit
743 1292 831 1309 oppressa
842 1287 891 1310 quod
903 1287 979 1309 quadam
990 1287 1019 1303 die
1030 1293 1077 1304 mer-

144 1320 189 1337 curii
205 1320 253 1337 circa
266 1320 333 1337 festum
350 1320 452 1343 predictum
468 1320 520 1343 loqui
535 1326 573 1337 non
589 1315 775 1343 pou=i1‚‘phisicique
790 1320 867 1343 predicti
884 1326 922 1337 eam
934 1319 1041 1342 judicabant
1054 1320 1077 1337 ad

144 1357 226 1371 mortem.
243 1354 265 1370 Et
277 1353 301 1370 ita
314 1353 381 1370 fuisset
393 1354 416 1370 de
429 1359 450 1370 ea
465 1353 501 1370 nisi
518 1353 565 1371 dieta
581 1353 649 1370 Jacoba
666 1353 804 1377 supervenisset
818 1353 840 1370 ad
858 1356 961 1376 requestam
978 1353 1037 1376 ipsius
1054 1353 1077 1370 ad

143 1394 188 1404 eam.
203 1388 242 1409 Que
254 1393 295 1404 cum
307 1387 396 1408 venisset,
410 1388 449 1410 ipsa
461 1388 531 1405 urinam
542 1385 658 1410 vidit'ipsius
668 1390 686 1404 et
696 1387 769 1410 pulsum
780 1387 863 1410 ejusdem
874 1386 957 1410 palpavit„
969 1390 987 1409 et
996 1390 1077 1410 postmo-

143 1421 185 1438 dum
196 1421 292 1443 quamdam
302 1426 366 1443 aquam
376 1420 412 1443 ipsi
422 1421 488 1438 claram
498 1421 550 1438 dedit
558 1421 581 1438 ad
590 1421 697 1444 potandum,
710 1424 728 1438 et
737 1420 789 1437 dedit
798 1421 833 1437 sihi
842 1420 887 1437 alias
896 1420 979 1443 eirupum
989 1420 1012 1437 ad
1022 1420 1076 1437 finem

143 1454 192 1476 quod
205 1454 240 1471 iret
251 1453 273 1471 ad
283 1459 379 1471 cameram.
393 1454 416 1470 Et
427 1454 473 1470 adeo
486 1454 576 1471 laboravit
587 1454 635 1471 circa
648 1454 706 1477 ipsam
720 1453 769 1477 quod
779 1459 789 1470 a
800 1454 847 1471 dicta
860 1453 963 1470 infirmitate
975 1453 1033 1476 gratia
1043 1453 1077 1470 Dei

144 1486 234 1504 mediante
247 1490 308 1504 sanata
321 1487 386 1504 extitit.
401 1487 425 1504 Et
438 1490 466 1504 est
476 1487 586 1510 interrogata
598 1487 614 1504 si
626 1487 672 1504 vidit
681 1487 738 1510 ipsam
750 1486 835 1504 Jacobam'
848 1487 893 1504 alios
903 1486 986 1504 infirmos
995 1487 1076 1504 visitare,
