1308 1835
165 218 198 236 396
454 224 613 244 enitimur-,uuum
629 225 725 237 umvsns.
744 226 808 238 rmus,
1049 221 1098 239 [1332

165 275 221 295 942.
233 281 344 294 munumentum
352 284 379 299 quo
388 280 484 294 cancellarius
496 282 537 298 rogat
544 280 629 298 facultatem
639 281 719 294 medicinae
726 282 742 294 ιιι
750 283 808 298 gratam
815 281 869 294 hab-n
879 281 911 294 um
922 281 995 294 lemna„-
1004 286 1014 295 a
1021 286 1037 295 ,ρ
1046 281 1100 295 samoni

210 305 228 318 de
236 305 312 323 zanengiis
319 309 406 318 mmmm

753 323 792 338 τεεί,
800 323 845 340 Apum*-
852 323 872 338 10.
878 323 956 341 [μανι-..ιη

210 361 231 377 ln
247 360 321 377 nomine
339 360 418 382 Domini,
437 366 496 377 amen.
510 360 598 378 Noverint
611 360 692 378 universi
705 360 739 378 hoc
755 366 833 384 presens
848 360 940 383 publicum
958 361 1098 377 instrumentum

166 393 273 416 inspecturi,
287 394 337 416 quod
347 400 394 410 anno
405 394 487 416 ejusdem
500 393 598 411 millesimo
614 394 742 411 trecentesimo
755 394 847 411 tricesimo
862 394 920 417 primo
931 393 1034 410 secundum
1045 399 1098 410 usum

165 426 256 443 curiarum
267 427 405 448 Parisiensium,
415 427 516 444 indictione
527 427 588 450 quinta
598 427 675 448 decima,
685 427 754 444 mensis
769 427 837 450 Aprilis
847 427 876 444 die
891 427 967 448 decima,
983 426 1099 449 pontificatus

166 459 277 477 sanctissimi
296 460 315 477 in
335 460 409 478 Christo
429 461 485 484 patris
505 464 523 478 et
541 461 610 478 domini
630 460 689 478 nostri
709 460 778 477 domini
796 460 883 478 Johannis
904 460 964 478 divina
985 460 1099 484 providentia

165 499 211 517 pape
221 494 273 511 XXII
283 499 331 511 anuo
342 497 393 511 sexto
407 494 484 515 decimo,
497 494 517 511 in
527 494 581 511 domo
594 493 711 511 habitationis
723 493 834 511 venerahilis
848 497 867 511 et
880 494 955 511 discreti
969 494 1004 511 viri
1016 494 1100 517 magistri

165 526 259 544 Guillelmi
270 526 292 544 de
302 527 386 544 Narbona
397 526 500 544 cancellarii
510 526 589 543 ecclesie
598 526 708 543 Parisiensis
718 526 737 543 in
746 526 826 543 claustro
836 526 941 547 Parisiensi,
952 527 970 543 in
986 527 1022 544 mei
1033 526 1099 544 notarii

165 559 234 583 publici
252 563 271 577 et
287 561 362 577 testium
380 560 536 582 infrascriptorum
552 559 653 583 presencia,
671 559 792 583 personaliter
808 559 912 577 constitutis
928 559 1065 577 venerabilibus
1082 563 1100 577 et

165 593 250 610 discretis
259 593 305 610 viris
315 593 364 610 dicto
374 592 448 610 domino
459 592 566 610 cancellario
578 599 599 610 ex
609 598 645 610 una
654 596 711 616 parte,
719 596 738 610 et
745 593 837 616 magistris
847 592 948 616 Reginaldo
958 593 981 610 de
989 593 1099 610 Cornemara

165 626 235 643 decano
245 626 267 643 ad
277 632 355 649 presens
365 625 456 643 facultatis
466 626 562 647 medicine,
573 626 650 643 Cellone
660 626 747 647 [Sellone]
757 626 779 643 de
789 626 865 648 Putheo,
875 626 957 643 Johanne
967 626 990 643 de
1000 626 1097 646 Couciaco,

163 659 246 676 Johanne
254 659 277 676 de
285 659 381 682 Lingonis,
390 660 444 676 Petro
453 659 475 676 de
483 659 575 680 Fontanis,
585 659 668 683 Remigio
677 660 699 677 de
707 660 835 682 Marigniaco',
843 660 934 683 Stephano
942 660 964 676 de
973 659 1099 681 Calvomonte,

165 693 218 710 Petro
231 692 280 709 dicto
294 692 394 715 Pigeuche,
410 693 490 709 Hamone
503 692 526 709 de
540 693 639 716 Filigeriis,
650 693 732 710 johanne
745 693 793 710 dicto
807 693 884 710 Bouriot
898 696 916 710 et
928 693 987 710 Alano
1001 693 1023 710 de
1033 693 1098 714 Pratis,

164 726 257 749 magistris
265 726 283 742 in
291 726 339 743 dicta
348 726 433 743 facultate
443 726 541 747 medicine,
550 732 599 743 more
610 726 664 743 solito
675 726 778 743 convocatis
787 726 855 743 ibidem
865 729 885 743 ut
893 726 978 743 dicebant
985 728 1014 747 [et]
1021 732 1100 749 congre-

165 759 212 782 gatis
222 759 323 776 facultatem
337 759 437 782 predictam
445 759 555 776 facientibus
562 762 580 776 et
587 759 756 782 representantibus
767 760 805 776 suis
813 763 832 776 et
839 759 887 776 dicte
896 759 986 777 facultatis
993 759 1100 776 nominihus

165 798 187 809 ex
197 792 231 809 alia
241 798 299 815 parte,
309 796 329 809 ut
339 792 431 814 dicebant‚
441 792 572 815 aliquantulum
583 793 681 815 proloquto
691 799 701 809 a
711 793 759 810 dicto
769 792 876 810 cancellario
887 799 927 809 cum
937 793 991 809 dictis
1006 793 1098 815 magistris

165 831 198 843 seu
208 826 310 843 narratione
320 826 366 843 facta
376 825 399 843 de
409 832 453 849 pace
462 826 510 843 inter
519 826 568 849 ipsas
579 829 639 849 partes
649 832 682 849 per
692 826 811 843 reverendum
822 829 890 849 patrem
900 826 994 843 dominum
1009 826 1100 843 Parisien—

166 865 204 876 sem
219 859 325 882 episcopum
339 859 422 876 facienda
434 859 513 876 Domino
527 859 639 876 concedente
654 865 687 876 seu
702 865 737 882 que
751 859 791 876 fleri
805 859 912 882 sperabatur
925 863 946 876 ut
959 859 1037 880 dicebat,
1051 859 1099 876 idem

165 892 285 909 cancellarius
295 892 367 916 rogavit
376 892 422 909 inibi
432 892 492 910 dictos
501 893 607 915 magistros,
618 895 708 915 quatenus
718 892 798 915 placeret
809 892 836 909 eis
850 892 899 915 quod
912 892 985 909 licentia
994 898 1053 915 nuper
1067 898 1100 916 per

165 925 224 949 ipsum
235 925 363 943 cancellarium
374 925 415 943 data
425 926 444 942 in
455 921 502 943 dicta
513 925 591 943 sciencia
607 925 694 949 magistro
708 925 776 942 Simoni
791 925 812 942 de
827 925 937 949 Lantagiis²‚
948 925 979 948 qui
989 931 1025 942 non
1040 926 1100 943 fuerat

165 965 198 982 per
208 959 273 976 dictam
283 959 387 976 facultatem
401 959 460 976 eidem
476 959 584 976 cancellario
599 962 619 976 ut
633 958 728 976 dicebatur
742 958 809 975 ibidem
825 965 858 982 pro
867 959 915 976 dicta
928 958 1002 976 licentia
1016 958 1099 976 habenda

165 992 298 1015 presentatus‘,
308 992 396 1009 transiret
407 998 448 1009 cum
462 992 502 1009 aliis
513 992 620 1009 bachalariis
634 997 667 1015 per
677 992 741 1009 dictam
751 992 854 1009 facultatem
866 992 925 1009 eidem
939 991 1047 1009 cancellario
1057 998 1100 1015 pre-

165 1025 247 1046 sentatis,
257 1025 341 1046 maxime,
352 1028 371 1042 ut
381 1025 453 1042 dicebat
462 1025 510 1042 idern
520 1025 646 1046 cancellarius,
657 1031 698 1042 eum
707 1025 747 1048 ipse
758 1024 844 1048 magister
854 1025 916 1042 Simon
926 1030 999 1048 semper
1009 1025 1074 1042 fuisset
1081 1029 1100 1042 et

165 1062 214 1076 esset
224 1059 314 1076 adherens
325 1059 374 1076 dicto
385 1058 493 1076 cancellario
504 1062 522 1076 et
531 1058 558 1075 liti
569 1064 602 1075 sue
612 1062 674 1075 contra
684 1058 749 1075 dictam
759 1058 867 1079 facultatem,
879 1062 896 1076 et
908 1065 949 1076 cum
962 1059 985 1075 de
998 1059 1034 1076 sibi
1043 1059 1099 1076 adhe-

165 1092 248 1109 rentibus
258 1092 306 1109 sicut
315 1092 339 1109 de
348 1092 389 1115 ipso
399 1098 433 1114 pax
443 1092 483 1109 fieri
493 1091 572 1109 debebat
581 1095 601 1109 ut
611 1091 688 1109 dicebat.
699 1091 804 1114 Eodemque
817 1092 924 1109 cancellario
939 1091 998 1109 adhuc
1012 1092 1099 1115 loquente

165 1125 258 1148 predictus
268 1125 356 1148 magister
366 1125 423 1142 Hamo
432 1124 487 1142 verba
497 1130 529 1142 sua
540 1125 622 1148 dirigens
633 1125 654 1141 ad
666 1125 733 1142 dictum
743 1125 870 1142 cancellarium
882 1125 917 1142 sihi
930 1125 981 1146 dicit,
988 1125 1042 1147 <quod
1054 1124 1099 1142 alias

165 1164 220 1181 super
230 1157 265 1175 hoe
274 1158 314 1181 ipse
325 1158 446 1175 cancellarius
456 1164 489 1181 per
500 1158 608 1181 magistrum
617 1158 734 1175 Franciscum
744 1158 768 1175 de
777 1158 867 1175 Castello‘
878 1158 939 1181 rogari
951 1158 1019 1175 fecerat
1033 1158 1098 1175 dictam

164 1191 266 1208 facultatem
277 1197 310 1208 seu
325 1191 361 1208 sibi
374 1191 480 1214 supplicari.
493 1191 527 1208 Cui
543 1191 602 1208 dictus
615 1191 735 1208 cancellarius
748 1191 849 1213 respondit,
863 1191 913 1214 quod
926 1190 961 1208 hoc
976 1194 1014 1208 erat
1028 1197 1098 1208 verum.

165 1224 236 1246 Quibus
252 1224 306 1241 dictis
323 1224 367 1241 dicti
384 1224 466 1247 magistri
480 1224 582 1241 facultatem
600 1224 699 1247 predictam
716 1224 804 1241 facientes
822 1227 877 1247 prout
892 1230 947 1247 supra
964 1224 1055 1247 rogationi
1066 1230 1098 1241 seu

166 1260 251 1280 requeste
262 1257 305 1274 dicti
314 1257 419 1274 cancellarii
428 1257 534 1280 hujusmodi
549 1257 680 1280 dispensarunt
690 1263 722 1274 seu
733 1257 856 1280 dispensando
869 1261 972 1274 annuerunt
983 1257 1033 1280 quod
1046 1263 1100 1280 roga-

166 1290 202 1311 bat,
213 1290 256 1307 dum
266 1293 333 1311 tamen,
343 1293 363 1307 ut
372 1290 463 1310 dicebaut.
479 1296 512 1313 per
521 1290 555 1307 hoc
566 1290 635 1315 eisdem
645 1290 726 1307 facultati
740 1296 772 1307 seu
787 1290 880 1313 magistris
892 1290 962 1308 nullum
977 1291 1098 1313 prejudicium

166 1326 290 1346 generaretur⁴
302 1324 324 1340 Et
334 1323 394 1340 dictus
404 1322 524 1340 cancellarius
535 1323 604 1340 eisdem
614 1326 658 1340 tunc
672 1324 768 1346 respondit
782 1324 831 1346 quod
845 1330 878 1347 per
891 1324 949 1347 ipsam
962 1323 1051 1341 licentiam
1067 1329 1099 1347 per

166 1362 207 1373 eum
217 1356 304 1380 magistro
315 1356 385 1373 Simoni
395 1360 415 1373 ut
425 1362 480 1380 supra
493 1357 551 1374 datam
566 1356 640 1373 nolebat
651 1357 700 1374 idem
715 1357 833 1374 cancellarius
849 1357 884 1374 sihi
898 1363 931 1374 seu
946 1363 979 1374 sue
991 1357 1099 1374 cancellarie

166 1390 265 1407 Parisiensi
274 1390 349 1413 aliquod
361 1391 393 1413 jus
406 1382 520 1413 acquisitum!
530 1396 572 1407 esse
585 1391 608 1407 de
622 1396 670 1408 novo
684 1396 717 1407 seu
730 1391 806 1414 acquiri,
820 1397 853 1408 nec
868 1391 891 1408 ob
905 1390 939 1408 hoc
954 1390 1027 1407 volebat
1045 1390 1099 1407 dictis

166 1423 258 1447 magistris
271 1429 304 1441 seu
317 1423 397 1441 facultati
409 1424 484 1447 aliquod
497 1424 617 1447 prejudicium
634 1430 667 1441 seu
680 1424 790 1447 vituperium
804 1424 895 1447 generari,
911 1430 944 1441 nec
962 1424 1032 1446 aliquid
1049 1424 1100 1441 aliud

166 1460 228 1474 contra
237 1457 289 1480 ipsos
298 1463 331 1474 seu
342 1463 405 1474 eorum
416 1457 492 1474 alterum
503 1457 526 1474 ob
536 1457 571 1474 hoc
581 1463 636 1480 posse
646 1457 843 1480 aliqualitergimputari
852 1457 872 1473 in
881 1457 968 1474 futurum.
981 1457 1004 1473 Et
1015 1455 1100 1479 promisit

165 1490 205 1513 ipse
214 1490 334 1507 cancellarius
345 1490 392 1508 bona
402 1490 438 1508 fide
449 1496 505 1513 super
514 1490 550 1507 hiis
561 1490 604 1507 dare
614 1490 668 1507 dictis
677 1490 757 1507 facultati
767 1493 786 1507 et
794 1490 887 1512 magistris
896 1490 961 1507 bonam
973 1490 1050 1506 litterum
1065 1496 1098 1507 suo
