1308 1835
160 221 192 238 508
448 225 606 237 niumm-amun
624 226 719 246 curvans
738 226 802 239 mnis
1041 223 1091 241 [1340

159 264 178 280 in
188 269 221 281 sue
231 263 310 280 culmine
323 263 429 286 majestatis,
443 266 461 280 et
474 263 584 280 universitas
598 263 726 286 magistrorum
742 267 759 280 et
773 264 869 281 scolarium
883 265 964 282 Parisius
978 265 1090 282 studentium

159 297 208 314 velut
220 297 318 314 fertilitatis
333 302 377 320 ager
388 297 459 314 fructus
473 296 540 314 uberes
556 297 657 320 profereus,
671 297 690 314 in
702 303 738 320 quo
751 297 821 320 granati
834 297 927 314 seientiam
939 298 1035 321 colligunt,
1049 304 1091 321 pro-

160 331 213 347 ducat
227 330 276 347 viros
290 330 377 347 virtutum
391 330 477 347 varietate
491 330 587 352 secundos,
602 337 680 354 quorum
693 331 775 354 gloriosa
788 331 889 348 fecunditas
904 331 923 347 in
936 331 982 348 alios
995 331 1091 348 effluenter

159 363 264 385 effunditur,
276 369 342 387 parvos
352 363 477 387 magnificans,
488 364 543 381 rudes
554 364 640 381 erudiens
651 367 668 381 et
679 364 750 381 debiles
759 364 840 381 efficiens
849 364 948 385 virtuosos,
959 364 1024 381 horum
1034 364 1091 387 siqui-

160 397 200 414 dem
214 397 307 414 desiderio
321 397 367 414 mire
381 397 468 414 bonitatis
483 397 616 420 incorporalem
629 397 648 414 in
661 398 759 414 Parisiensi
774 398 835 414 studio
849 397 945 420 acquirunt
959 397 1059 414 litterarum
1075 400 1092 414 et

161 430 264 453 dogmatum
280 430 402 453 margaritam,
412 434 430 448 et
444 434 511 453 quanto
523 431 622 453 majoribus
632 431 700 448 suerint
711 430 834 452 libertatibus,
844 431 945 454 privilegiis
959 434 976 448 et
988 430 1091 447 franchisiis

160 464 274 485 eommunia,
282 467 331 481 tanto
342 464 363 481 ad
374 464 431 487 ipsam
442 465 556 487 margaritam
566 464 698 487 incorporalem
709 464 837 487 acquirendam
844 464 944 481 ferventius
955 468 972 481 et
982 463 1092 488 propensius

161 503 194 520 pro
202 497 272 514 viribus
280 497 389 515 laborabunt
398 504 401 515 :
410 498 474 515 horum
485 498 545 520 itaque
555 497 615 514 habita
624 497 771 514 consideratione
781 497 855 520 prefatis
864 498 957 520 magistris
964 501 983 514 et
990 497 1092 514 scolaribus

159 531 218 554 ipsius
228 531 357 548 Universitatis
367 531 484 554 presentibus
494 531 562 554 pariter
570 534 589 547 et
596 531 661 548 suturis
672 531 720 548 etad
730 531 789 554 ipsum
798 530 877 548 studium
888 530 1024 552 accedentibus,
1032 534 1062 547 aut
1072 537 1092 548 se

160 564 182 581 ad
192 564 302 581 veniendum
315 564 355 581 sine
368 564 432 581 fraude
444 568 463 581 et
473 564 567 581 actualiter
578 564 724 587 preparantibus,
737 570 756 581 ac
770 564 788 581 in
802 564 842 587 ipso
854 563 1015 585 commorantibus,
1028 567 1059 581 aut
1070 564 1092 581 ad

160 598 233 620 propria
245 597 372 618 redeuntibus,
386 597 504 614 concedimus
516 598 538 614 de
551 597 607 620 gratia
622 597 696 620 speciali
707 601 724 614 et
734 601 781 614 certa
793 597 869 614 scientia
881 601 899 614 et
908 597 931 614 de
940 601 1004 614 nostre
1014 597 1092 620 plenitu-

159 631 201 648 dine
215 631 316 654 potestatis,
330 636 353 647 ne
369 631 464 654 quisquam
480 631 537 648 laicus
551 631 676 653 cujuscunque
690 631 802 648 conditionis
814 631 844 647 vel
857 631 955 648 eminentie
967 631 1039 652 existat,
1054 631 1092 648 sive

159 665 227 688 privata
242 670 327 687 persona,
344 664 448 687 propositus
463 664 492 681 vel
507 664 592 685 ballivus,
607 664 687 687 prefatos
703 664 801 688 magistros
816 667 834 681 et
849 664 930 681 scolares
946 667 976 681 aut
993 664 1015 681 ad
1031 664 1091 687 ipsum

159 697 239 714 studium
249 697 357 714 accedentes
367 697 397 714 vel
407 703 427 714 se
437 698 460 714 ad
468 697 578 715 veniendum
590 697 628 714 sine
638 697 702 714 fraude
712 697 806 714 actualiter
814 701 937 720 preparantes,
948 701 979 714 aut
988 697 1010 714 ad
1020 698 1092 721 propria

159 731 264 752 redeuntes,
275 730 298 748 de
308 736 385 754 quorum
397 731 499 748 scolaritate
509 730 600 748 constabit
609 736 643 754 per
652 730 746 754 proprium
753 731 883 754 juramentum,
895 731 913 748 iu
923 736 1008 754 persona,
1018 731 1091 752 familia,

159 764 197 781 sive
210 764 265 781 rebus
276 764 372 781 occasione
384 764 465 787 pedagii,
475 764 531 785 tallie,
541 764 672 787 impositionis,
683 767 771 786 costume,
781 764 811 781 vel
821 764 898 781 aliorum
910 764 1016 786 hujusmodi
1028 770 1091 787 perso-

158 798 226 814 nalium
239 803 322 818 onerum,
336 801 366 814 aut
377 798 452 815 alterius
465 798 565 815 exactionis
574 798 700 820 cujuscunque
713 797 814 821 personalis
827 798 935 821 inquietent,
948 798 1052 819 molestent,
1062 801 1092 815 aut

158 829 202 848 alias
213 831 334 854 quovismodo
345 834 454 854 extorquere
465 834 575 854 presumant.

203 865 254 885 Item,
265 864 315 887 quod
323 865 406 887 magistri
413 868 432 881 et
441 865 522 882 scolares
530 865 610 881 Parisius
619 865 714 882 studentes
722 871 754 888 per
762 871 881 888 quoscunque
890 865 963 888 judices
973 865 1025 888 regni
1033 865 1092 882 nostri

158 898 251 915 seculares
261 901 311 915 extra
321 904 384 915 muros
394 898 507 924 Parisienses
515 898 567 915 inviti
578 898 596 915 in
608 904 661 915 eausa
672 898 764 921 personali
774 898 796 915 ad
808 904 871 915 eorum
878 898 968 921 judicium
978 898 1008 915 vel
1018 904 1092 915 examen

159 937 196 948 non
206 931 299 948 trahantur
310 937 344 948 nec
354 931 438 953 citentur,
449 937 483 948 nec
494 931 528 948 hoc
537 935 637 954 procurent
646 931 706 948 facere
716 931 761 955 layci
771 931 839 948 subditi
852 931 910 954 ipsius
921 931 973 954 regni
986 932 1051 948 nostri,

203 965 257 986 Item,
276 964 325 988 quod
341 964 389 981 bona
406 970 469 982 eorum
486 968 504 981 et
518 965 635 986 munitiones,
650 965 672 981 de
687 964 754 987 quibus
771 964 839 981 habent
855 968 872 981 et
888 964 980 981 habebunt
997 965 1058 982 vivere
1076 968 1093 982 et

159 997 257 1015 sustentari
270 997 289 1014 in
303 997 344 1020 ipso
358 997 419 1015 studio
430 1001 536 1019 memorato,
551 1001 597 1015 statu
612 1003 675 1014 eorum
688 997 810 1018 considerato,
823 998 919 1015 occasione
932 1003 1046 1021 guerrarum,
1059 1004 1092 1015 nec
1105 1001 1107 1003 ’

159 1031 193 1048 alia
205 1031 302 1048 occasione
315 1037 424 1054 quacunque
437 1037 470 1054 per
483 1037 603 1054 quoscunque
617 1032 742 1054 cujuscunque
753 1031 871 1052 conditionis,
884 1034 941 1048 status
954 1031 983 1048 vel
995 1031 1093 1048 eminentie

159 1064 244 1086 existant,
252 1070 284 1087 pro
295 1064 349 1081 nobis
359 1067 390 1081 aut
399 1064 468 1081 nostris
479 1064 558 1081 subditis
568 1070 605 1081 non
615 1065 714 1087 capiantur,
727 1068 757 1081 aut
768 1064 812 1081 alias
825 1064 963 1087 quomodolibet
971 1067 1092 1081 arrestentur,

158 1098 187 1115 Ad
200 1098 290 1121 premissa
299 1104 343 1115 vero
356 1098 456 1121 diligenter
467 1098 572 1120 exequenda
585 1101 602 1115 et
612 1098 648 1115 fine
658 1097 719 1115 debito
730 1098 849 1119 terminanda⁷
860 1104 883 1114 ne
893 1098 975 1121 magistri
986 1101 1004 1115 et
1014 1098 1094 1115 scolares

159 1131 287 1148 Uuiversitatis
304 1131 373 1154 prefate
388 1131 467 1154 vagandi
481 1137 491 1148 a
505 1131 565 1149 studio
581 1135 674 1149 assumunt
686 1131 784 1152 materiam,
801 1131 834 1148 sed
846 1131 907 1154 potius
922 1132 941 1148 in
953 1132 994 1154 ipso
1008 1131 1094 1148 continue

158 1168 283 1187 perseverent,
299 1170 333 1182 nec
347 1165 499 1187 interruptionem
521 1165 577 1185 studii
592 1165 688 1182 occasione
705 1165 836 1188 premissorum
851 1164 924 1187 possint
937 1164 973 1181 sihi
992 1164 1094 1187 aliqualiter

158 1198 257 1219 vindicare,
275 1211 285 1215 l.
303 1198 389 1215 dilectum
406 1201 490 1215 nostrum
504 1198 617 1221 prepositum
634 1198 755 1215 Parisiensem
770 1201 874 1220 presentem
890 1198 956 1220 pariter
972 1201 990 1215 et
1005 1198 1093 1219 futurum,

159 1235 274 1248 executorem
286 1231 408 1254 gardiatorem
422 1231 502 1248 omnium
515 1234 533 1248 et
545 1231 659 1254 singulorum
673 1231 817 1254 supradictorum
829 1237 861 1254 per
873 1237 906 1248 nos
920 1231 989 1248 eisdem
1002 1231 1094 1254 magistris

159 1268 177 1281 et
187 1264 289 1281 scolaribus
300 1264 348 1281 dicte
359 1264 488 1281 Universitatis
498 1270 635 1286 concessorum,
646 1268 709 1281 tenore
719 1264 831 1287 presentium
842 1264 956 1287 deputamus.
967 1265 1036 1282 Dentes
1046 1264 1094 1281 dicto

159 1297 259 1321 preposito,
274 1297 355 1321 presenti
369 1297 436 1321 pariter
451 1300 469 1314 et
477 1297 545 1318 futuro,
559 1303 579 1315 ae
593 1297 645 1314 etiam
660 1297 795 1314 committentes
808 1301 872 1314 tenore
887 1298 999 1321 presentium
1012 1298 1030 1314 in
1046 1303 1094 1315 man-

159 1331 212 1353 datis,
223 1335 244 1348 ut
254 1331 336 1354 prefatos
348 1331 446 1354 magistros
457 1334 474 1348 et
484 1330 564 1348 scolares
578 1331 646 1348 nostris
659 1330 777 1354 presentibus
789 1331 859 1354 gratiis,
870 1331 979 1354 privilegiis,
989 1331 1094 1348 sranchisiis

158 1368 176 1382 et
188 1364 304 1381 libertatibus
318 1364 429 1387 supradietis
441 1364 467 1382 uti
480 1364 533 1381 faciat
543 1367 560 1381 et
570 1365 657 1388 gaudere,
674 1364 752 1381 rebelles
766 1368 797 1382 aut
808 1365 859 1388 ipsos
872 1365 970 1388 magistros
983 1368 1001 1382 et
1013 1364 1094 1382 scolares

159 1398 207 1415 dicte
218 1398 348 1415 Universitatis
358 1398 377 1415 in
387 1398 462 1421 prefatis
474 1398 543 1415 nostris
557 1398 626 1421 gratiis,
640 1398 748 1421 privilegiis,
761 1398 864 1415 franchisiis
877 1401 895 1415 et
907 1398 1023 1415 libertatibus
1037 1398 1094 1420 impe-

159 1432 237 1453 dientes,
251 1435 271 1449 ut
283 1437 293 1448 a
307 1431 408 1448 rebellione
424 1435 441 1448 et
455 1431 590 1455 impedimentis
605 1431 710 1454 hujusmodi
724 1431 799 1449 omnino
813 1431 909 1452 desistant,
923 1431 1001 1448 viriliter
1014 1431 1094 1454 compel*

159 1465 219 1482 [endo.
234 1466 275 1482 Non
287 1465 403 1482 obstantibus
416 1465 556 1488 quibuscunque
568 1465 678 1488 privilegiis,
688 1465 772 1486 indultis,
782 1465 810 1482 vel
821 1464 922 1486 concessis,
930 1464 960 1482 vel
970 1465 990 1482 in
999 1468 1092 1488 posterum

158 1499 282 1515 concedendis
299 1499 439 1521 quibuscunque
458 1499 540 1521 personis
557 1498 585 1515 vel
601 1499 665 1521 patrie,
682 1504 719 1515 non
737 1498 844 1515 facientibus
862 1498 885 1515 de
900 1497 957 1515 verbo
975 1498 997 1515 ad
1017 1498 1092 1515 verbum
