1308 1835
133 212 164 228 196
421 217 581 229 enan-rumimunt
597 217 692 229 [novans.
710 218 774 229 Panis.
1014 212 1064 230 [1317

132 254 151 271 in
165 253 251 271 memhris
265 254 304 271 suis
316 254 373 275 sanis,
387 254 436 271 veris
450 257 468 270 et
480 254 570 275 univociS,
584 257 604 271 ut
615 253 703 275 dicamus,
716 254 736 271 in
747 245 779 271 ore
790 260 824 271 sno
834 260 890 277 super
901 254 937 271 hiis
950 254 1017 271 nullam
1027 254 1064 277 pati

132 287 220 304 meruerit
233 287 388 310 redargutionem,
399 287 443 310 quin
454 287 515 310 potius
524 287 576 304 beata
589 290 607 304 et
619 287 732 304 immaculata
744 287 804 310 legem
814 287 887 304 Domini
899 287 1032 304 deambulando
1043 293 1064 304 eo

132 324 179 338 teste
195 320 286 344 persistat,
302 320 364 337 matris
381 320 440 343 ipsius
455 320 501 337 fame
518 320 589 337 titulum
607 320 670 337 divino
686 323 778 343 prestante
793 320 854 337 favore
868 326 931 337 sanum
947 326 981 344 pro
993 320 1064 338 viribus

132 359 206 371 servare
215 353 310 376 cupientes
320 357 339 371 et
347 353 420 371 illesum
431 357 449 370 et
457 353 514 371 totius
523 353 565 370 mali
576 353 646 370 radices
659 353 738 371 evellere
750 354 823 377 penitus
833 354 852 370 in
862 354 963 376 premissis,
974 354 993 370 in
1003 357 1065 371 nostra

132 386 209 410 quadam
219 387 362 410 congregatione
372 386 454 410 generali
464 392 520 410 super
528 386 564 404 hiis
574 386 622 404 inter
632 390 691 404 cetera
699 388 736 410 jain
746 387 814 404 dudum
827 387 907 404 Pam‘sius
920 387 967 410 apud
978 387 995 404 S.
1007 387 1065 404 Matu-

132 420 192 437 rinum
206 425 255 436 more
270 419 323 437 solito
337 423 435 437 convocata
448 420 544 437 statuendo
557 423 645 443 perpetuo
659 420 743 437 duximus
757 420 898 441 observandum,
913 423 931 437 ut
945 420 1034 437 abusores
1045 426 1065 437 ac

132 453 249 476 impetrantes
263 456 281 470 et
294 453 312 470 iu
326 453 384 470 abusu
400 453 469 471 eisdem
486 454 572 471 auxilium
586 457 688 477 prestantes
704 457 722 471 et
736 454 817 471 faventes
832 454 852 471 in
865 454 916 471 curia
930 454 1065 471 conservatoris

132 486 270 509 privilegiorum
285 490 389 504 nostrorum
404 487 482 510 aliquam
496 487 575 504 litteram
588 487 695 508 citatoriam,
710 487 739 504 vel
753 487 805 504 aliam
821 487 965 510 qualemcunque
980 487 999 504 in
1012 493 1065 504 causa

132 520 191 542 aliqua
204 526 241 537 non
252 520 353 537 seeundum
365 520 504 543 privilegiorum
518 523 622 537 nostrorum
635 523 716 537 tenorem
730 523 869 543 prosequentes,
883 520 937 537 immo
948 520 1000 537 aliam
1010 520 1066 537 actio-

132 559 174 570 nem
184 553 244 576 potius
257 553 352 575 habentes,
365 559 418 576 quam
430 559 465 576 que
477 553 496 570 in
509 553 554 576 ipsis
566 553 669 576 privilegiis
681 553 750 570 nostris
765 553 874 574 continetur,
889 559 898 570 a
912 557 975 570 nostre
988 553 1066 570 Univer-

132 587 190 604 sitatis
200 586 285 610 collegio,
297 587 397 610 privatione
407 586 480 609 publica
490 586 637 607 excluderentur,
648 586 695 603 etin
705 586 790 609 expensis
800 586 847 609 parti
857 586 932 604 adverse
943 586 1066 609 condempna-

132 623 202 641 rentur,
215 623 233 637 et
243 620 313 641 merito,
327 619 413 642 quodque
427 622 545 637 conservator
558 619 598 643 ipse
612 625 644 636 seu
657 619 706 637 vices
721 620 761 642 ejus
773 625 806 643 pro
819 623 900 643 tempore
913 625 981 643 gerens
992 625 1065 637 causam

131 653 236 676 hujusmodi
248 653 349 670 remitteret
361 653 384 670 ad
393 653 474 676 judicem
487 658 540 670 suum
551 653 669 674 ordinarium,
680 653 703 670 ad
711 658 766 676 quein
776 653 824 670 dicte
834 659 888 670 cause
897 653 979 676 cognitio
991 653 1065 676 dejure

131 686 223 709 pertinere
238 686 304 709 poterit
314 689 334 703 et
346 686 429 707 debebit,
444 690 499 709 prout
512 686 546 703 hec
557 690 576 703 et
587 686 621 703 alia
635 687 653 703 in
669 686 777 709 quibusdam
793 687 861 703 nostris
876 686 942 703 litteris
958 692 1014 709 super
1031 686 1065 704 hoc

131 720 219 737 consectis
229 719 264 736 sub
276 719 338 742 sigillo
352 723 415 736 nostro
429 723 447 736 et
458 719 578 742 solempniter
590 725 622 743 per
636 719 694 736 edicta
706 719 798 742 generalia
810 720 907 743 publicatis
921 720 993 742 plenius
1008 720 1066 737 conti-

131 753 213 773 nentur‘=
229 756 323 776 sperantes
338 753 378 776 ipso
392 756 459 770 statuto
473 753 571 774 mediante,
584 756 603 770 et
615 756 635 770 ut
647 753 714 773 decuit,
730 753 826 770 observato
841 753 915 776 penitus
927 753 1007 770 evitasse
1018 753 1065 770 Cha-

131 786 205 807 ribdim,
219 792 260 803 curn
272 789 332 803 tamen
345 792 378 809 per
390 786 417 803 rei
429 786 538 803 evidentiam
552 786 663 803 contrarium
677 786 701 803 sit
709 786 831 803 manifestum.
845 786 959 809 Quapropter
971 789 991 803 ut
1000 786 1019 803 in
1029 786 1065 803 hiis

131 823 149 836 et
158 825 179 836 ea
192 819 309 842 tangentibus
323 819 383 837 omnis
393 819 468 836 tollatur
483 819 551 836 erroris
564 819 638 836 materia
652 823 670 836 et
683 825 776 842 nunquam
790 823 882 842 prestante
894 820 972 836 Domino
985 819 1065 837 reditura

131 853 204 876 penitus
216 856 318 874 evanescat,
332 856 475 875 nostrorumque
489 853 627 875 privilegiorum
639 853 763 875 predictorum
775 856 828 869 tenor
837 856 856 869 et
867 858 913 869 usus
925 852 944 869 in
956 852 1003 869 dieta
1015 853 1065 870 curia

131 885 200 909 absque
210 885 292 908 cujusvis
301 885 420 909 malignitatis
433 885 520 909 scrupulo
533 891 565 903 seu
576 886 677 909 calumpnia
692 889 796 908 permaneat
808 886 827 902 in
836 886 924 906 futurum,
934 886 999 902 iterato
1010 891 1066 908 super

131 919 164 936 hec
177 922 195 936 et
208 919 230 936 ad
243 919 277 936 hec
291 919 396 942 specialiter
408 922 428 936 ut
441 919 497 936 moris
510 922 539 936 est
550 919 573 936 ad
585 919 746 942 congregationem
762 919 866 942 generalem
879 919 897 936 in
910 919 988 942 capitulo
1003 924 1066 941 supra-

131 952 179 969 dicto
190 952 284 969 convocati
296 955 383 969 statutum
395 952 517 975 approbantes
529 952 639 969 antedictum
649 952 699 969 aliud
709 952 768 969 eidem
780 952 880 969 adicientes
890 952 985 975 perpetuis
996 955 1066 974 tempo-

131 985 182 1003 ribus
193 985 245 1002 etiam
258 985 398 1003 observandum.
413 985 466 1007 Quod
479 985 541 1003 nullus
554 986 640 1003 videlicet
652 986 739 1009 magister
752 989 783 1003 aut
795 985 871 1003 scolaris
882 985 904 1002 de
914 989 976 1003 nostra
988 985 1065 1003 Univer-

132 1019 190 1036 sitatis
202 1019 273 1042 gremio
283 1019 364 1036 existens
374 1019 445 1036 litteras
454 1019 546 1036 citatorias
556 1019 662 1036 auctoritate
674 1019 820 1036 conservationis
830 1019 912 1042 predicte
921 1019 1066 1042 qualescunque,

132 1053 228 1069 occasione
240 1052 326 1069 videlicet
337 1052 417 1075 pedagii,
428 1052 545 1069 extractionis
556 1055 606 1069 extra
617 1058 680 1069 muros
693 1052 813 1074 Parisienses,
824 1058 880 1075 super
890 1052 973 1069 advocati
985 1052 1014 1069 vel
1024 1057 1066 1078 9¹⁸⁰?

132 1085 221 1102 curatoris
231 1085 332 1108 patrocinio
341 1085 361 1102 in
371 1085 419 1102 dicta
429 1085 479 1102 curia
488 1081 517 1102 vel
527 1085 628 1102 secundum
638 1089 725 1107 anteacta,
735 1089 766 1102 aut
775 1085 820 1102 alias
831 1085 976 1108 quomodolibet,
986 1091 1008 1102 ex
1017 1091 1066 1103 nunc

132 1119 151 1135 in
164 1122 215 1135 antea
234 1118 268 1135 suh
282 1122 370 1141 perpetue
385 1118 492 1141 privationis
509 1124 554 1141 pena
568 1125 577 1135 a
593 1122 654 1136 nostra
670 1118 791 1136 Universitate
803 1122 908 1139 memorata,
920 1118 1037 1135 libertatibus
1049 1122 1067 1136 et

132 1152 276 1169 immunitatibus
290 1151 379 1174 ejusdem,
393 1152 491 1175 impetrare
505 1152 635 1175 quoquomodo
649 1155 762 1175 presumant,
774 1152 810 1169 nisi
825 1152 909 1174 primitus
922 1155 940 1169 et
951 1155 993 1168 ante
1007 1152 1067 1169 omnia

132 1185 191 1208 ipsius
205 1185 280 1202 scolaris
294 1188 324 1202 aut
336 1185 419 1208 magistri
432 1185 520 1208 petitione
533 1191 593 1202 eoram
607 1185 661 1202 nobis
672 1185 719 1202 lecta
729 1188 747 1202 et
757 1185 838 1208 exposita
849 1191 881 1208 per
892 1188 981 1202 rectorem
993 1185 1023 1208 qui
1034 1190 1067 1207 pro

132 1222 214 1241 tempore
228 1218 289 1239 fuerit,
302 1221 320 1235 et
332 1218 460 1235 informatione
476 1224 508 1241 per
521 1224 555 1235 nos
569 1224 601 1235 seu
614 1218 710 1241 deputatos
724 1224 733 1235 a
746 1218 799 1235 nobis
813 1224 868 1241 super
881 1224 901 1235 ea
914 1218 1011 1235 sufficienti
1025 1223 1066 1241 pre-

132 1251 199 1272 habim,
209 1252 248 1274 ipsa
261 1251 324 1275 petitio
335 1257 344 1268 a
355 1254 425 1268 rectore
435 1254 454 1268 et
463 1251 553 1274 deputatis
564 1257 573 1268 a
583 1251 637 1268 nobis
650 1251 733 1274 ‘signetur
743 1251 828 1268 admissa.
842 1251 913 1273 Quibus
923 1251 950 1268 sic
960 1251 1067 1269 deliberatis

133 1291 142 1301 a
154 1284 215 1305 nobis,
229 1285 300 1302 statutis
312 1288 331 1302 et
343 1285 438 1306 ordinatis,
452 1290 473 1301 ea
485 1290 518 1307 per
531 1284 645 1307 Radulpliuin
660 1285 754 1301 Benedicti
766 1284 859 1307 pubiicum
872 1285 971 1307 apostolica
983 1288 1002 1302 et
1010 1285 1068 1307 impe-

134 1318 174 1335 riali
190 1318 295 1335 auctorimte
310 1321 328 1335 et
341 1318 396 1335 nobis
410 1319 490 1341 juratum
505 1318 595 1335 notarium
609 1314 665 1335 scribi
679 1318 811 1339 mandavimus,
828 1321 928 1341 nostroque
947 1318 1009 1341 sigillo
1026 1324 1067 1336 cum

134 1351 187 1375 signo
201 1354 219 1368 et
230 1351 365 1374 subscriptione
377 1351 459 1374 ejusdem
469 1351 491 1368 ad
503 1354 608 1374 perpetuam
619 1351 646 1368 rei
657 1351 761 1368 memoriam
772 1351 886 1369 communiri⁴
903 1352 967 1368 Datum
978 1355 997 1368 et
1008 1354 1067 1369 actum

134 1385 214 1402 Parisius
231 1385 250 1402 in
266 1388 328 1402 nostra
347 1385 490 1408 congregatione
506 1384 593 1408 predicta,
607 1391 654 1402 anno
667 1385 739 1402 Domini
755 1385 852 1403 millesimo
866 1385 994 1403 trecentesimo
1007 1388 1067 1402 sexto-

134 1419 211 1440 decimo,
225 1418 325 1435 indictione
338 1424 367 1439 xv„
379 1418 408 1435 die
418 1418 467 1441 jovis
481 1422 521 1441 post
532 1418 676 1435 Conversionem
688 1418 736 1435 beati
751 1419 801 1435 Pauli
816 1418 893 1441 apostoli
907 1419 993 1436 vicesima
1005 1418 1067 1441 quinta

135 1452 203 1469 mensis
214 1451 310 1472 Jauuarii',
323 1451 439 1474 pontificatus
452 1451 520 1468 domini
534 1451 622 1468 Johannis
636 1451 697 1468 divina
710 1451 823 1475 providentia
837 1457 882 1475 pape
894 1451 977 1468 vicesimi
991 1452 1067 1469 secundi

135 1491 181 1502 anno
193 1485 257 1508 primo.
