1308 1835
195 201 228 219 430
400 216 403 218 i
486 208 645 220 cxuaruunmn
662 208 757 220 umvnns.
775 209 839 220 ranis.
1077 204 1128 222 [1334

196 245 249 269 pibus
261 245 339 263 dominis
353 245 436 268 Philippo
447 245 480 262 Dei
489 245 547 268 gratia
559 251 604 268 rege
615 245 700 266 Navarre,
709 244 795 262 'Iohanne
808 246 930 269 primogenito
942 249 1010 266 vestro,
1023 246 1127 267 Nom-anie,

196 279 295 300 Ludovico,
306 278 415 296 Berbonesii
426 278 511 299 ducibus,
521 278 587 296 Carolo
598 284 684 302 germano
695 281 757 296 vestro
766 278 868 300 Alanconii,
882 278 967 295 Guidone
977 278 1061 296 Blesens.
1071 279 1127 296 comi-

195 312 251 333 tibus,
262 317 281 328 ac
295 312 402 329 reverendis
416 311 497 335 patribus
510 312 588 329 dominis
602 311 700 329 Guillehno
709 311 799 329 Anxitano
810 311 952 335 archiepiscopo,
967 311 1066 328 Guillelmo
1077 312 1127 328 Pari-

195 345 259 365 siensi,
270 345 342 362 Andr-ea
356 344 486 366 Attrehatensi,
500 344 600 362 Guillelmo
609 345 743 365 Convenarum,
759 345 812 362 Petro
824 344 944 365 Euthenensi,
953 344 1034 367 Rogerio
1044 345 1127 362 Lemovi-

194 377 251 399 censi,
266 378 360 395 Bet-nardo
372 378 474 399 Anieiensi,
488 378 571 395 Johanne
584 378 695 395 Nivernensi
708 378 807 401 episcopis,
822 378 920 395 Guillelmo
936 377 993 394 electo
1007 377 1126 401 Ebroycensi,

194 412 247 428 Petro
262 411 399 434 Clugniacensi,
415 411 500 429 Guidone
516 412 575 429 Sancti
590 412 679 435 Dyonisii,
694 412 747 429 Petro
762 411 821 428 Sancti
834 411 921 429 Germani
933 411 955 428 de
968 410 1033 432 Pratis,
1048 411 1125 434 Hugone

194 444 291 462 Corbiensi
301 444 404 466 abbatibus,
416 448 432 462 et
445 444 520 462 aliorum
531 448 566 462 tam
576 445 685 462 clericorum
696 450 747 467 quam
759 444 847 461 baronum
857 448 876 462 et
884 444 968 466 militum,
978 444 1125 461 consiliariorum

193 481 302 498 vestrorum,
315 477 483 501 religiosorumque
495 481 514 495 et
525 478 635 495 secularium
648 477 765 494 multitudine
779 477 858 500 copiosa.
871 478 942 494 Prefato
951 481 1011 495 autem
1021 478 1125 500 juramento

193 516 226 533 per
236 516 270 527 nos
279 511 357 533 prestito
366 511 402 528 dus
413 511 466 528 nobis
476 511 550 527 suerunt
559 510 653 533 preposite
664 511 780 533 questiones:

238 544 302 565 Prima,
316 547 376 561 utrum
390 544 450 561 anime
464 547 525 560 sancte
542 544 560 560 in
578 543 617 560 celo
636 544 734 561 existentes
748 543 821 560 videant
835 543 913 561 divinam
931 544 1028 561 essentiam
1042 544 1088 561 facie
1102 544 1125 560 ad

192 577 256 594 faciem
267 580 307 594 ante
317 577 460 599 resumptionem
471 582 568 599 corporum
578 580 596 593 et
606 580 646 594 aute
654 577 743 599 judicium
755 576 846 600 generale.

238 610 328 630 Secunda,
335 613 396 626 utrum
406 609 454 626 visio
463 615 516 632 quam
524 609 547 626 de
555 610 634 627 essentia
645 610 705 626 divina
716 616 764 627 nunc
773 610 847 630 habent,
856 609 972 627 evacuabitur
981 610 1001 627 in
1010 610 1040 626 die
1049 610 1125 627 extremi

189 643 256 666 judicii
266 643 300 660 alia
309 642 427 659 succedente.

238 677 260 693 Et
272 676 320 698 quia,
336 676 422 699 princeps
435 676 560 697 serenissime,
571 682 604 693 vos
617 679 637 693 ut
650 676 743 693 dominum
758 680 841 694 nostrum
855 676 970 694 carissimum
982 676 1096 693 fundatorem
1106 680 1125 694 et

192 709 314 733 gardiatorein
328 709 438 726 Parisiensis
452 709 508 726 studii
521 712 540 726 et
552 713 615 726 nostre
629 709 697 726 ibidem
712 709 817 733 theologice
830 709 920 727 facultatis
935 715 1035 733 regemque
1053 709 1124 732 precel-

190 742 258 760 lentem
272 742 353 760 revereri
365 746 451 760 tenemur
462 746 482 760 et
494 742 562 760 vestris
572 742 690 765 jussionibus
703 742 785 764 obedire,
799 743 914 760 attendentes
927 742 1032 766 specialiter
1043 743 1063 760 id
1074 743 1124 766 quod

190 775 212 793 ah
228 781 259 793 ore
273 779 335 793 vestro
350 775 418 793 ibidem
432 776 543 796 audivimus,
558 775 629 793 scilicet
643 776 692 799 quod
707 775 763 793 nichil
779 776 797 793 in
813 776 846 793 hac
861 776 935 793 materia
949 776 1060 799 querebatis,
1074 776 1123 799 quod

190 812 266 832 tangere
275 812 339 832 posset
349 808 484 826 sanctissimum
494 812 564 832 patrem
574 815 593 826 ac
606 809 698 826 dominum
712 812 795 826 nostrum
806 809 899 826 dominum
912 809 1011 826 Iohannem
1022 809 1077 832 digna
1090 809 1123 826 Dei

190 840 304 865 providentia
318 845 433 859 sacrosancte
444 843 523 859 Romane
534 848 553 859 ac
564 842 673 859 universalis
684 842 762 859 ecclesie
774 848 863 859 summum
876 842 986 866 pontificem,
998 843 1049 865 cujus
1060 848 1123 859 sumus

189 875 251 892 devoti
264 875 311 892 servi
325 878 342 892 et
355 875 394 896 filii,
405 875 491 898 quinymo
502 875 550 892 sicut
563 875 612 892 iilius
625 876 665 898 ejus
675 875 805 892 devotissimus
815 875 902 892 honorem
916 874 970 892 suumv
979 876 997 892 in
1009 875 1044 892 hiis
1055 879 1073 892 et
1082 875 1123 892 aliis

189 908 281 929 zelabatis,
297 908 450 931 advertentesque
461 908 621 931 quodmultorum
636 908 770 931 fidedignorum
784 908 871 925 relatione
884 908 992 929 audivimus,
1009 908 1057 931 quod
1072 908 1123 931 quid-

189 941 235 965 quid
251 941 270 958 in
286 941 319 958 hac
336 942 410 958 materia
428 942 514 959 sanctitas
530 947 563 958 sua
579 941 631 963 dixit,
646 947 683 958 non
699 941 799 958 asserendo
816 947 849 958 seu
866 941 957 964 opinando
972 941 1074 965 protulerit,
1090 941 1124 958 sed

189 974 305 991 solummodo
319 975 422 995 recitando,
435 974 610 997 considerantesque
625 975 674 997 quod
686 975 736 997 juxta
749 974 837 997 principis
851 974 975 997 apostolorum
986 974 1087 991 doctrinam
1100 974 1123 991 de

189 1013 211 1024 ea
223 1014 258 1030 que
272 1008 291 1024 in
303 1008 358 1025 nobis
371 1011 405 1028 est,
419 1007 455 1024 fide
468 1011 486 1024 et
500 1013 532 1030 spe
547 1008 604 1030 parati
618 1013 660 1024 esse
674 1007 763 1024 dehemus
777 1008 826 1024 omni
841 1008 924 1030 poscenti
935 1013 969 1025 nos
982 1007 1059 1024 reddere
1071 1008 1122 1025 ratio-

189 1041 255 1061 nem²‘,
267 1040 361 1063 sigillatim
371 1041 420 1063 quod
430 1040 555 1057 sentiebamus
568 1046 624 1063 super
634 1041 696 1063 petitis
707 1041 843 1063 respondimus,

235 1074 271 1091 Sed
285 1080 350 1091 omnes
364 1074 384 1091 in
395 1074 441 1090 hanc
456 1074 565 1091 sententiam
575 1074 702 1095 convenimus,
716 1074 766 1097 quod
778 1080 788 1090 a
801 1077 883 1097 ternpore
896 1074 960 1091 mortis
975 1074 1047 1091 Domini
1061 1074 1123 1091 Nostri

188 1107 245 1124 Jhesu
255 1107 331 1128 Christi,
342 1113 375 1130 per
385 1113 438 1130 quam
451 1107 531 1130 precium
543 1107 674 1130 redemptionis
687 1107 761 1124 humani
771 1107 846 1130 generis
857 1107 916 1124 extitit
925 1107 1045 1130 persolutum,
1059 1112 1123 1124 omnes

188 1140 248 1157 anime
264 1143 368 1157 sanctorum
381 1143 453 1163 patrum
467 1146 513 1163 quas
526 1140 595 1157 ibidem
608 1140 686 1157 salvator
700 1144 763 1157 noster
775 1141 797 1157 ad
811 1140 881 1157 inferos
896 1140 1011 1157 descendens
1026 1140 1088 1157 eduxit
1100 1140 1122 1157 de

189 1173 252 1194 limbo,
267 1177 406 1196 ceterorumque
419 1173 500 1190 fidelium
514 1174 579 1194 anime,
592 1179 628 1197 que
639 1173 661 1190 de
671 1173 780 1196 corporibus
790 1173 880 1194 exierunt,
890 1172 947 1190 nichil
956 1173 1044 1190 habentes
1055 1179 1122 1196 purga-

189 1206 234 1228 bile,
244 1206 274 1223 vel
286 1213 322 1229 que
333 1207 370 1229 jam
384 1207 403 1223 in
415 1207 522 1229 purgatorio
536 1210 579 1223 sunt
590 1210 674 1229 purgate,
687 1207 709 1223 ad
723 1206 812 1223 visionem
825 1206 890 1223 nudam
901 1209 920 1223 et
928 1206 1001 1227 claram,
1014 1206 1121 1227 beatificam,

188 1239 290 1257 intuitivam
304 1243 323 1256 et
336 1239 458 1256 immediatam
471 1239 533 1257 divine
548 1240 628 1256 essentie
642 1243 660 1257 et
672 1239 822 1256 benedictissime
834 1239 935 1260 Trinitatis,
948 1239 1007 1256 Patris
1018 1245 1038 1256 ac
1050 1239 1092 1256 Filii
1105 1243 1123 1257 et

189 1272 268 1295 Spiritus
278 1272 345 1293 Sancti,
360 1278 412 1295 quam
425 1272 519 1295 apostolus
531 1278 588 1295 prima
599 1272 620 1289 ad
632 1272 737 1289 Corinthios
749 1272 875 1289 tertiodecimo
887 1272 968 1289 nominat
977 1273 1066 1289 visionem
1076 1273 1122 1290 facie

187 1306 212 1322 ad
220 1305 290 1326 faciem,
306 1308 349 1322 sunt
363 1309 462 1328 assumpte,
473 1305 550 1328 ipsaque
564 1305 630 1322 deitate
645 1305 697 1322 beata
709 1306 789 1328 perfecte
800 1306 892 1327 fruuntur,
902 1309 921 1323 et
930 1306 968 1329 jam
980 1306 1029 1329 quod
1039 1306 1122 1323 credide-

188 1342 231 1356 runt
245 1339 336 1360 videntes,
355 1338 404 1361 quod
418 1342 539 1361 speraverunt
552 1342 643 1360 tenentes,
661 1345 697 1355 non
711 1338 730 1355 in
744 1344 777 1362 spe
791 1339 824 1356 sed
837 1339 857 1356 in
871 1345 891 1356 re
904 1342 947 1356 sunt
958 1339 1019 1360 heate;
1036 1339 1121 1362 quodque

188 1372 236 1389 dicta
246 1372 292 1389 visio
303 1378 357 1395 quam
370 1378 419 1389 nunc
430 1371 505 1394 habent,
516 1372 615 1395 resumptis
627 1372 736 1395 corporibus
748 1372 822 1390 minime
834 1372 951 1390 evacuabitur
959 1372 994 1389 alia
1005 1372 1120 1390 succedente,

188 1406 221 1424 sed
231 1406 308 1429 ipsamet
318 1406 337 1422 in
347 1406 381 1427 eis,
392 1412 432 1423 cum
443 1406 467 1423 sit
477 1412 538 1423 earum
549 1406 584 1423 vita
594 1409 664 1427 eterna,
674 1409 763 1429 perpetuo
772 1406 879 1423 remanebit.

234 1440 255 1456 Et
266 1439 313 1462 quia,
329 1437 414 1462 princeps
428 1439 496 1460 inclite,
512 1439 627 1462 postmodum
641 1439 660 1456 in
674 1439 703 1456 die
716 1439 773 1456 sancti
783 1439 871 1456 Johannis
884 1439 995 1462 evangeliste
1008 1445 1042 1456 nos
1051 1439 1121 1456 fecistis

188 1472 269 1490 Parisius
283 1472 394 1495 congregari
407 1475 425 1489 et
437 1472 506 1489 ibidem
521 1472 588 1489 suimus
603 1476 664 1490 vestro
679 1473 752 1489 nomine
767 1472 858 1495 requisiti,
872 1475 892 1489 ut
905 1472 951 1489 illud
966 1472 1015 1495 quod
1030 1472 1077 1489 dicta
1091 1472 1121 1489 die
