1308 1835
184 220 217 238 342
476 226 636 237 ιἬΑιιτυιΛ-ΒΙΗΜ
653 225 749 237 υΝιῊ-ῑινιε.
768 225 832 236 thinis⁴
1071 219 1120 237 [1331

184 262 305 280 offendantur,
318 263 363 279 Sane
378 266 460 285 porrecte
475 262 528 278 nobis
538 262 648 279 venerahilis
658 262 719 279 fratris
728 258 787 278 nostri
797 262 880 284 Hugonis
890 262 972 285 episcopi
982 265 1000 279 et
1012 262 1120 279 dilectorum

185 295 264 312 filiorum
273 295 398 312 universitatis
409 295 538 318 magistrorum
548 298 567 311 et
575 295 672 311 scolarium
681 295 779 312 Parisiens.
788 295 881 317 petitionis
889 295 947 311 series
957 295 1062 312 continebat
1071 295 1121 317 quod

183 329 227 345 olim
240 334 296 350 super
310 334 339 348 eo,
353 328 401 351 quod
414 328 506 345 Iohannes
518 328 578 345 dictus
591 328 615 344 Le
629 328 710 344 Forbeur
723 328 745 345 de
758 329 825 345 Roseto
839 328 857 344 in
870 328 917 349 Bria,
931 327 1008 345 clericus
1019 328 1120 344 Meldensis

183 361 270 383 diocesis,
281 361 351 378 ratione
361 364 423 384 raptus
433 361 527 384 cujusdam
539 361 621 378 mulieris
632 361 667 378 sibi
677 361 758 384 impositi
768 364 831 384 captus
844 364 861 378 et
874 361 890 377 in
902 367 973 378 carcere
984 361 1028 378 dicti
1037 361 1119 383 episcopi

182 394 295 416 ,mancipatus
304 400 325 411 ac
340 394 362 411 de
378 394 461 411 mandato
475 394 504 411 sui
518 394 601 411 officialis
612 394 710 417 agentibus
723 394 766 411 dicti
779 394 860 417 episcopi
872 397 888 411 et
899 395 939 417 ejus
949 394 1023 411 nomine
1033 394 1120 416 quadrin-

183 430 238 450 gente
251 427 297 444 libre
311 427 408 450 parisiens*
423 431 496 444 monete
509 431 552 444 tunc
566 427 657 445 currentis
668 428 729 444 habite
742 428 813 444 fuerant
823 427 846 444 ab
856 427 927 448 eodem,
939 427 986 444 dicia
997 427 1119 444 Universitate

183 464 277 478 asserente
291 461 358 478 dictum
372 460 458 478 clericum
473 466 514 478 esse
528 461 617 478 scolarem
631 462 753 478 Pnrisiensem
766 464 785 478 et
797 461 819 478 de
830 461 952 478 Universitate
963 461 1030 484 prefata
1040 464 1059 477 et
1070 460 1119 484 quod

180 497 216 517 ‘per
227 494 322 517 privilegia
333 494 382 511 dicte
395 494 513 512 Universitati
526 500 612 511 concessa
627 494 688 511 nullus
698 494 755 517 judex
767 494 903 511 ecclesiasticus
914 494 1019 511 ordinarius
1031 494 1060 511 vel
1072 494 1119 511 alius

183 527 260 550 aliquam
271 527 365 544 emendam
377 528 499 551 pecuniariam
509 527 532 544 ab
541 527 602 550 aliquo
610 527 676 544 scolari
687 527 733 544 dicte
745 527 873 544 Universitatis
882 533 915 550 pro
927 533 1041 550 quocumque
1052 527 1119 544 delicto

183 564 254 583 poterat
267 561 342 583 exigere
357 561 386 578 vel
400 561 474 581 habere,
489 561 538 577 dicto
554 560 640 583 episcopo
658 560 675 577 in
690 560 800 577 contrarium
815 560 910 583 allegante,
924 560 972 577 inter
985 560 1090 583 episcopum
1101 564 1119 577 et

183 594 323 611 Universitatem
334 593 427 617 predictos
439 597 477 610 orta
487 593 562 610 materia
572 593 682 616 questionis,
691 593 762 610 demum
771 593 818 610 dicta
826 593 946 613 Universitas,
956 599 1040 610 asserens
1052 593 1118 610 dietum

183 627 289 649 episcopum
300 627 381 649 juratum
395 632 455 647 suum,
470 626 566 649 requisivit
578 626 657 643 eundem
670 626 704 643 suh
720 626 782 643 debito
795 626 866 649 prestiti
876 626 974 649 juramenti
989 626 1037 649 quod
1053 626 1118 643 dictam

183 660 277 682 pecuniam
289 660 393 676 restitueret
404 659 522 676 Universitati
533 663 550 676 et
560 659 637 676 Johanni
647 659 741 682 predictis,
752 660 802 682 quod
814 660 873 676 dictus
885 659 983 682 episcopus
995 660 1055 676 facere
1066 666 1119 676 recu-

183 693 234 713 savit,
251 693 313 716 plures
326 693 408 710 rationes
421 693 525 716 allegando,
540 699 596 715 quare
612 692 631 709 id
647 693 706 710 facere
724 693 798 710 minime
813 693 913 710 tenebatur.
930 693 1006 716 Propter
1021 699 1056 715 que
1071 693 1118 710 dicta

184 726 296 743 Universitas
306 726 325 743 in
335 726 420 749 pluribus
432 726 478 743 locis
492 726 573 743 Pan-isius
585 726 722 749 pronunciavit¹
733 729 751 743 et
760 726 858 749 publicavit
870 732 902 749 per
913 732 956 743 suas
969 726 1039 743 litteras
1050 729 1067 743 et
1077 732 1119 749 pro-

183 765 247 776 cessus
257 759 335 776 eundem
347 760 452 782 episcopum
464 765 505 776 esse
512 759 613 782 perjurium
622 759 664 781 (sic),
674 765 752 782 eumque
762 759 830 782 injuste
840 759 915 782 privavit
927 759 1016 776 beneficio
1027 759 1119 776 societatis

183 792 311 809 Universitatis
324 792 406 815 predicte
418 796 438 809 ut
449 792 499 809 idem
510 793 608 815 episcopus
621 792 720 814 asserebat,
731 799 740 809 a
753 792 820 815 quibus
831 792 948 816 processibus
960 793 1007 809 idem
1020 793 1118 816 episcopus

182 825 204 842 ad
222 826 284 842 sedern
300 826 418 848 apostolicam
436 826 538 849 appellavit.
554 826 629 848 Nosque
645 826 718 842 tandem
735 826 757 842 ad
775 826 877 843 instantiam
895 826 1019 849 procuratoris
1035 826 1118 849 ejusdem

183 859 265 881 episcopi
276 859 343 876 dilecto
353 858 390 875 filio
401 862 465 876 nostro
475 859 576 876 Bertrando
587 859 651 876 Sancte
665 859 721 876 Marie
734 859 753 875 in
766 859 836 882 Aquiro
849 859 926 876 diacono
941 859 1034 880 cardinali,
1046 865 1117 876 causam

182 892 288 914 hujusmodi
304 892 390 909 duximus
407 892 561 913 committendam,
580 898 640 909 coram
660 898 696 915 quo
713 892 818 915 aliquandiu
836 898 868 915 per
884 895 1012 915 procuratores
1029 892 1118 909 dictarum

183 925 259 948 partium
274 931 380 948 processum
395 925 453 942 extitit
468 926 485 942 in
499 925 568 946 eadem,
583 931 602 942 ac
618 925 690 942 deinum
704 925 726 942 de
741 925 854 948 beneplacito
869 929 931 942 nostro
945 931 977 948 per
990 929 1118 948 procuratores

183 958 269 975 dictarum
282 959 358 981 partium
369 958 457 975 habentes
468 964 523 982 super
533 958 567 975 hoc
578 954 670 976 sufficiens
682 961 699 975 et
709 958 787 981 speciale
801 958 903 975 mandatum
914 958 986 975 dilectis
997 958 1039 975 siliis
1050 958 1118 975 nostris

182 991 272 1008 Anibaldo
284 992 331 1009 tituli
343 992 403 1009 Sancti
413 992 505 1008 Laurentii
518 992 538 1009 in
551 992 625 1013 Lucina,
640 997 660 1008 ac
674 992 726 1008 Petro
737 991 784 1008 tituli
799 991 858 1008 Sancti
873 991 959 1014 Stephani
970 991 990 1008 in
1002 992 1117 1009 Celiomonte

183 1024 295 1048 presbyteris
309 1024 433 1042 cardinalibus
446 1030 481 1047 quo
493 1024 514 1041 ad
525 1024 559 1041 hoc
569 1024 729 1048 interponentibus
740 1028 800 1047 partes
810 1030 852 1041 suas
863 1028 957 1042 tractatum
967 1025 1025 1042 extitit
1037 1028 1056 1042 et
1064 1025 1117 1042 etiam

183 1057 285 1075 ordinatum
295 1064 328 1080 pro
339 1057 387 1074 bono
402 1057 451 1081 pacis
465 1061 482 1074 et
497 1057 595 1075 concordie
604 1058 683 1080 partium
692 1057 798 1078 earundem,
811 1058 860 1080 quod
874 1058 951 1081 pecunia
965 1058 1118 1080 cujus'ocasione

183 1091 231 1108 inter
241 1091 382 1108 Universitatem
394 1095 412 1108 et
424 1091 531 1114 episcopum
540 1091 633 1114 predictos
644 1095 682 1108 erat
692 1094 753 1108 exorta
766 1091 858 1108 discordia
869 1094 971 1112 memorata,
984 1091 1059 1108 deberet
1068 1094 1118 1108 certo

185 1124 238 1141 modo
249 1124 360 1147 pauperibus
373 1124 475 1141 scolaribus
490 1124 570 1141 Parisius
583 1124 661 1147 erogari,
675 1124 745 1141 eisdem
757 1124 906 1147 procuratoribus
922 1124 1052 1141 nichilominus
1064 1124 1119 1141 nobis

183 1157 276 1174 humiliter
286 1157 432 1180 supplicantibus
442 1161 463 1174 ut
473 1163 537 1174 omnes
547 1163 647 1180 processus
659 1157 700 1174 hinc
711 1157 753 1174 inde
763 1157 835 1174 habitos
845 1163 877 1180 per
888 1161 946 1180 partes
958 1157 1030 1174 easdem
1041 1161 1059 1174 et
1068 1157 1119 1180 quic-

184 1191 227 1213 quid
237 1196 259 1207 ex
268 1191 295 1207 eis
305 1191 334 1207 vel
346 1190 369 1207 ob
379 1197 411 1207 eos
421 1194 503 1207 secutum
515 1194 565 1207 esset
573 1196 659 1207 revocare
669 1194 688 1207 et
696 1196 769 1207 cassare
779 1190 884 1207 auctoritate
895 1190 994 1213 apostolica
1006 1195 1118 1207 curaremus.

228 1224 265 1240 Nos
281 1224 338 1246 igitur
354 1230 387 1247 pro
405 1224 453 1240 bono
471 1224 520 1247 pacis
537 1227 555 1240 et
571 1224 669 1240 concordie
687 1229 739 1246 quam
756 1223 804 1240 inter
820 1223 926 1246 episcopum
943 1227 961 1240 et
978 1223 1119 1240 Universitatern

183 1257 263 1279 prefatos
273 1257 336 1279 vigere
345 1257 414 1279 jugiter
424 1257 534 1277 affectamus,
545 1263 586 1273 cum
597 1262 619 1273 ex
628 1262 691 1273 eorum
702 1256 799 1273 concordia
812 1257 886 1279 prefatis
896 1257 983 1279 episeopo
996 1260 1014 1273 et
1025 1257 1119 1273 Universi-

184 1290 215 1306 mli
225 1293 243 1306 et
250 1290 367 1306 studentibus
379 1295 443 1312 magna
457 1289 579 1312 tranquillitas
592 1293 610 1306 et
623 1295 656 1312 per
664 1295 780 1312 consequens
790 1290 882 1312 profectus
894 1290 968 1307 scientie
980 1293 997 1306 et
1010 1290 1091 1307 doctrine
1102 1293 1119 1307 et

184 1323 258 1340 aliarum
275 1323 386 1339 incrementa
401 1323 487 1340 virtutum
502 1317 600 1345 provenire
617 1326 721 1344 noscantur,
740 1322 871 1340 ordinationem
889 1323 994 1346 hujusmodi
1011 1329 1043 1346 per
1060 1323 1119 1340 dictos

185 1359 312 1379 procuratores
321 1356 341 1372 in
350 1356 442 1379 presentia
453 1356 542 1372 dictorum
555 1356 638 1373 Anibaldi
652 1359 669 1373 et
682 1356 729 1373 Petri
742 1356 859 1373 cardinalium
870 1357 945 1380 provide
956 1362 1012 1379 super
1024 1356 1119 1380 premissis

185 1389 262 1406 habitam
280 1392 336 1406 ratam
353 1392 371 1406 et
386 1392 454 1413 gratam
472 1389 561 1406 habentes
571 1395 654 1412 ‘eamque
670 1390 776 1407 auctoritate
793 1390 892 1412 apostolica
908 1389 1038 1407 confirmantes
1055 1395 1119 1406 omnes

185 1423 277 1446 predictos
286 1428 385 1446 processus
397 1429 429 1446 per
439 1422 504 1440 dictam
516 1422 656 1440 Universitatem
666 1423 695 1440 vel
706 1426 793 1440 rectorem
805 1429 838 1440 seu
845 1429 970 1446 quoscumque
979 1423 1025 1440 alios
1033 1422 1119 1440 officiales

185 1456 242 1479 ipsius
256 1459 319 1473 contra
335 1457 422 1479 prefatum
438 1457 543 1479 episcopum
558 1462 591 1473 seu
604 1456 691 1473 officiales
707 1460 724 1473 et
737 1462 869 1479 quemcumque
884 1462 916 1473 seu
930 1462 1056 1479 quoscumque
1069 1456 1119 1473 fami-

184 1489 238 1506 liares
249 1490 307 1512 ipsius
317 1490 400 1512 episcopi
410 1493 428 1506 et
438 1490 513 1506 maxime
524 1496 543 1507 ac
554 1490 658 1513 specialiter
668 1496 723 1512 super
734 1496 754 1506 eo
766 1490 814 1512 quod
825 1490 912 1512 prefatum
921 1490 1027 1512 episcopum
1039 1495 1119 1513 pronun-
