1308 1835
136 205 169 222 264
339 219 341 222 »
431 212 590 227 cuam-unaarum
607 212 702 224 univiras.
719 212 783 224 Panis.
1022 205 1073 224 [1322

183 249 227 266 Item
236 249 277 272 jura
288 249 357 270 dicunt,
368 249 418 272 quod
428 255 492 266 omnes
502 249 565 272 tangit,
576 249 598 266 ab
609 248 693 266 omnibus
704 246 801 271 approbari
810 249 870 269 debet,
882 251 914 266 etc>
928 248 964 266 Sed
974 249 993 265 in
1006 251 1072 267 statuto

138 279 161 299 et*
173 282 246 299 decreto
263 282 351 305 predictis
368 288 405 299 non
422 285 504 305 apparet,
522 282 571 305 quod
589 282 648 299 vocati
666 282 740 298 suerunt
756 282 838 305 magistri
857 281 950 303 doctores,
968 281 1072 303 baccalarii,

138 315 220 332 scolares
235 315 334 338 cujuslibet
348 315 438 332 facultatis
453 315 533 332 Parisius
548 318 687 336 commorantes,
704 320 737 332 nec
753 315 841 338 episcopi,
856 314 995 338 archiepiscopi,
1009 314 1073 336 duces,

138 348 224 369 barones,
235 348 284 365 cives
297 351 315 365 et
327 348 407 371 populus
419 346 535 368 Parmensis,
546 346 622 371 quorum
636 347 723 365 intererat
733 351 750 365 et
760 348 841 369 interest,
853 348 886 364 nec
896 351 940 364 sunt:
949 347 1004 370 aliqui
1014 348 1073 364 nomi-

138 382 176 398 nati
189 381 209 398 in
223 381 272 398 dicto
287 385 361 398 statuto.
378 381 432 398 Unde
449 387 489 398 cum
503 381 523 398 in
538 381 619 398 absentia
629 380 759 405 *predictorum
774 387 811 398 non
828 384 932 398 vocatorum
947 381 1015 398 suerint
1027 381 1073 398 facta

139 418 225 431 statutum
239 418 257 431 et:
268 415 362 431 decretum
374 414 461 437 predicta,
475 421 512 431 non
521 415 618 432 valuerunt
629 421 663 432 nec
673 415 739 436 valent,
750 418 769 432 et
778 420 810 438 per
821 420 936 437 consequens
949 414 996 431 dicte
1006 414 1073 431 Jacohe

139 453 172 465 seu
182 447 234 465 alteri
244 453 281 464 non
291 451 364 465 nocent.
375 448 441 470 Quare,
452 451 484 466 etc.

181 482 226 498 Item
237 481 302 498 melius
312 485 340 498 est
353 485 372 498 et
383 481 480 499 honestius
493 485 511 498 et
524 487 556 504 par
568 480 617 504 qnod
631 481 697 498 mulier
710 480 766 504 sagax
775 485 794 498 et
802 485 875 504 experta
885 482 903 498 in
914 485 951 498 arte
960 481 1023 498 visitet
1033 487 1073 498 mu-

139 514 203 531 lierem
213 514 308 536 infirmam,
318 514 415 538 videatque
426 518 443 531 et
452 514 532 537 inquirat
541 517 611 531 secreta
621 517 684 531 nature
695 517 713 531 et
722 514 829 531 abscondita
840 515 888 537 ejus,
898 520 952 537 quam
963 514 1035 535 horno',
1044 514 1073 531 cui

140 553 177 564 non
189 547 232 565 licet
241 548 322 571 predicta
332 547 402 568 videre,
411 548 512 570 inquirere,
523 553 556 564 nec
567 547 639 570 palpare
652 553 723 568 manus,
734 553 827 568 mammas,
837 550 919 564 ventrem
931 550 950 564 et
959 547 1022 570 pedes,
1033 550 1073 568 eta,

139 581 245 602 rnulieru1n3
261 581 298 598 imo
315 581 371 598 debet
386 580 440 597 horno
457 580 553 597 mulierum
570 584 640 597 secreta
654 584 673 597 et
687 586 748 597 earum
766 581 862 598 societates
879 584 958 598 secretas
974 581 1041 598 evitare
1053 582 1074 598 'et

139 615 203 637 sugere
218 617 304 637 quantum
321 617 388 636 potest.
403 614 427 630 Et
440 613 513 630 mnlier'
524 617 575 630 antea
589 614 703 636 permitteret
716 619 736 631 se
750 614 804 634 mori,
814 619 867 637 quam
881 617 951 631 secreta
963 613 1073 631 infirmitatis

140 653 173 664 sue
187 647 257 664 homini
272 646 352 664 revelare
367 650 441 670 propter
454 646 568 664 honestatem
582 652 637 664 sexus
649 647 744 664 muliebris
758 650 775 664 et
787 650 861 670 propter
872 647 1007 668 verecundiam,
1020 653 1073 670 quarn

140 680 238 697 revelando
249 683 346 703 pateretur.
358 681 380 697 Et
390 680 430 697 istis
441 680 463 697 de
473 680 533 697 causis
543 680 600 697 multe
610 680 697 697 mulieres
707 684 725 697 et
735 681 786 697 etiam
798 680 881 697 homines
891 680 986 703 perierunt
994 680 1014 697 in
1023 680 1074 697 insir-

140 713 233 730 unitatibus
246 714 293 735 suis,
306 713 391 730 nolentes
405 713 488 731 medicos
501 713 569 730 hahere
579 720 602 730 ne
611 714 685 731 videant
697 717 772 731 secreta,
785 714 808 730 Et
819 719 875 737 super
884 713 920 731 hiis
930 717 958 731 est
967 717 986 731 et
996 714 1030 731 fuit
1039 720 1074 730 vox

140 750 158 764 et
167 747 213 764 sarna
223 746 302 770 publica,
312 753 346 763 nec
357 747 391 764 ista
401 744 495 770 negabunt
504 747 585 764 decanus
594 750 613 764 et
621 747 705 770 magistri
714 747 798 770 predicti
808 747 874 769 Quare,
885 750 918 764 etc.

185 781 229 797 Item
244 780 340 803 supposito
355 780 395 797 sine
408 780 517 803 prejudicio,
531 780 581 803 quod
594 780 661 797 malum
675 783 724 797 esset
737 780 786 803 quod
799 780 864 797 mulier
874 780 961 801 visitaret,
975 783 1047 797 curaret
1056 783 1074 797 et

140 813 246 836 inquireret,
257 813 358 834 undictum
371 817 405 835 est,
419 816 459 835 eta,
470 813 530 830 minus
544 817 604 830 tamen
617 813 683 830 malum
696 817 724 830 est
734 813 783 836 quod
796 813 861 830 mulier
874 814 954 836 sapiens,
967 814 1046 830 discreta
1056 817 1074 830 et

139 850 213 869 experta
222 847 241 863 in
251 847 339 869 predictis
351 847 433 870 predicta
445 847 547 864 exercuerit
557 850 576 864 et
585 850 674 868 exerceat,
684 847 727 869 quia
739 847 805 863 infirmi
816 847 911 869 utriusque
921 852 983 868 sexus,
992 847 1023 869 qni
1036 853 1073 863 non

140 883 183 897 sunt
192 880 232 897 ausi
244 883 314 897 secreta
326 880 407 903 predicta
419 880 489 897 homini
498 880 586 902 revelare,
597 886 634 897 non
644 880 736 897 voluerint
747 880 797 903 quod
807 883 928 897 morerentur.
939 880 993 897 Modo
1004 880 1028 897 ita
1039 883 1073 900 est,

140 913 189 936 quod
201 914 243 936 jura
257 913 321 930 dicunt
335 913 384 936 quod
399 913 469 931 minora
483 913 528 931 mala
543 913 663 937 permittenda
677 916 719 930 sunt
731 916 750 930 ut
762 914 853 931 evitentur
864 914 937 936 majora.
952 913 1022 930 Idcirco
1032 919 1073 930 cum

140 947 187 964 dicta
201 946 268 964 Jacoba
281 947 305 964 sit
317 950 391 969 experta
404 947 422 963 in
435 951 472 964 arte
485 947 582 968 medicine,
594 947 661 964 melius
671 947 748 970 itaque¹⁴¹
759 950 787 964 est
797 950 814 964 et
824 947 859 964 sibi
869 947 949 970 permitti
959 946 1015 964 debet
1024 947 1073 970 quod

139 980 206 1001 visitet,
222 983 242 997 ut
257 983 341 997 exerceat
357 980 453 1003 practicale
469 980 555 1001 officium,
569 986 622 1003 quam
636 980 697 1003 [quod]
710 980 777 997 infirmi
794 983 915 1001 morerentur,
930 980 1007 997 maxime
1024 980 1073 1003 quod

140 1013 240 1036 quosque¹¹
251 1013 270 1030 in
280 1013 374 1030 curatione
384 1016 435 1030 curat
444 1017 463 1030 et
472 1017 528 1030 sanati

184 1047 229 1064 ltem
243 1050 335 1070 repertum
348 1050 376 1064 est
390 1050 407 1064 et
416 1047 441 1063 ita
451 1047 571 1070 probatum¹¹,
582 1047 630 1070 quod
643 1047 727 1064 nonnulli
737 1047 804 1064 infirmi
814 1047 910 1070 utriusque
924 1052 979 1064 sexus
988 1047 1073 1070 pluribus

139 1080 226 1103 gravibus
241 1080 376 1097 infirmitatibus
390 1080 459 1097 detenti
472 1083 490 1097 et
498 1080 603 1097 laborantes
617 1086 649 1103 per
663 1086 716 1103 opem
731 1080 851 1103 plurimorum
865 1080 993 1103 magistrorum
1007 1080 1025 1097 in
1035 1083 1073 1097 arte

139 1113 229 1130 medicine
244 1117 360 1136 expertorum
372 1113 395 1130 ab
407 1113 543 1131 infirmitatibus
555 1114 594 1130 suis
608 1113 737 1130 convalescere
749 1114 823 1130 minime
837 1117 942 1136 potuerunt,
956 1113 999 1130 licet
1012 1119 1072 1130 curam

139 1150 158 1164 et
167 1147 279 1170 diligentiam
295 1153 348 1170 quain
363 1150 462 1170 potuerunt
473 1147 603 1170 apposuissent
614 1147 633 1163 in
645 1147 727 1168 eosdem,
738 1153 784 1170 quos
798 1147 880 1164 infirmos
890 1147 937 1164 dicta
947 1146 1013 1163 jacoba
1022 1150 1073 1169 post-

139 1181 213 1197 modum
223 1184 285 1203 rogata
294 1180 365 1197 sanavit
374 1186 429 1203 parvo
439 1183 522 1203 ternpore
531 1183 569 1197 arte
580 1186 614 1203 qua
624 1180 677 1197 decet
686 1186 726 1197 euin
737 1180 808 1197 effectu.
819 1180 886 1202 Quare,
896 1183 928 1197 etc.

184 1214 228 1230 ltern
241 1217 334 1235 statutum,
347 1213 447 1234 decretum,
461 1213 544 1235 monitio,
554 1213 646 1234 inhibitio,
657 1213 819 1230 excommunicatio
829 1216 847 1230 et
856 1219 902 1236 pena
915 1213 1008 1236 sexaginta
1018 1213 1073 1230 libra-

140 1252 179 1263 rum
194 1247 290 1269 parisiens
306 1247 325 1264 in
339 1246 413 1268 litteris,
429 1246 496 1269 quibus
513 1246 592 1263 decanus
609 1250 626 1264 et
641 1246 722 1270 magistri
738 1246 814 1269 predicti
830 1249 892 1264 contra
908 1246 973 1264 dicmm
987 1246 1072 1264 Jacoharn

140 1283 221 1301 utuntur,
231 1286 269 1296 nou
278 1280 339 1297 valent
348 1283 411 1297 contra
421 1280 479 1303 ipsam
488 1279 580 1301 Jacobam,
589 1285 629 1301 nam
641 1279 663 1296 de
673 1280 715 1302 jure
727 1280 803 1297 monitio
813 1285 846 1297 seu
856 1279 940 1297 inhibitio
951 1285 984 1303 per
991 1280 1073 1302 judicem

139 1313 282 1330 ecclesiasticum
295 1313 341 1330 saeta
353 1313 407 1330 alicui
417 1312 452 1330 sub
462 1319 508 1336 pena
519 1304 625 1336 pecuniaria
632 1315 670 1330 non
679 1312 733 1330 valet.
746 1313 781 1330 Sed
792 1313 818 1330 sie
828 1317 856 1330 est
865 1313 885 1330 in
894 1319 948 1330 causa
957 1316 1043 1336 presente
1052 1316 1076 1331 ut*

138 1349 214 1369 apparet
223 1352 256 1369 per
266 1350 348 1363 tenorem
360 1346 447 1363 dictarum
458 1346 565 1363 litterarum.
576 1346 643 1368 Quare,
653 1349 685 1364 etc.
843 1369 846 1370 ⁷

183 1381 227 1397 Item
243 1380 265 1397 de
277 1380 319 1402 jure
335 1383 369 1401 est,
384 1380 433 1403 quod
447 1380 533 1398 officiales
545 1380 636 1397 curiarum
648 1380 813 1398 ecclesiasticarum
823 1386 860 1397 non
869 1383 948 1403 possunt
959 1386 1074 1405 cognoscere

138 1419 193 1437 super
204 1413 310 1431 excessibus
324 1416 342 1430 et
354 1413 426 1431 delictis
439 1419 473 1431 nec
485 1413 551 1437 punire
565 1413 700 1437 delinquentes,
715 1413 751 1431 nisi
765 1413 786 1430 ah
800 1414 839 1436 ejus
852 1413 954 1435 autoritate,
964 1413 1017 1435 cujus
1030 1416 1073 1431 sunt

138 1446 231 1468 officiales,
246 1447 274 1464 eis
285 1446 310 1464 sit
324 1447 446 1470 personaliter
460 1446 585 1469 commissum.
599 1447 636 1464 Sed
647 1453 684 1464 non
696 1450 771 1470 apparet
782 1452 814 1469 per
825 1445 882 1464 dictas
894 1446 964 1464 litteras
974 1447 1023 1469 quod
1033 1447 1074 1464 offi-

138 1480 189 1497 cialis
204 1483 290 1497 statutum
301 1484 318 1497 et
328 1480 429 1501 decretum,
443 1480 568 1501 monitionem,
582 1480 710 1497 inhibitionem
722 1483 741 1497 et
752 1480 957 1499 excommunicationem
968 1484 1018 1497 recte
1032 1480 1073 1497 tulit
