1308 1835
214 208 262 227 1331]
354 221 357 222 ⁷
415 215 438 227 AB
456 215 510 227 Αππο
527 215 645 227 uccnxxxvi
662 214 728 229 usque
744 214 770 225 M)
786 214 857 226 ANNUM
873 214 945 226 mecei„
1114 212 1147 229 345

212 251 253 268 terit
269 251 384 269 observatum
400 254 418 268 et
431 254 547 273 consuetum,
562 252 611 274 quod
625 252 644 268 in
659 251 688 268 die
703 251 744 269 sesti
759 251 890 274 gloriosissimi
903 250 952 268 beati
966 251 1041 268 Firmini
1053 253 1146 275 martyris¹

212 284 295 307 quolibet
304 290 352 301 anno
362 284 380 301 in
391 284 479 301 honorem
490 284 523 301 Dei
533 288 552 301 et
561 284 618 301 sancti
629 284 729 307 supradicti
739 284 821 308 magistri
831 288 850 302 et
859 284 940 302 scolares
950 284 998 302 dicte
1009 284 1087 301 diocesis
1097 285 1146 302 Pari-

212 317 251 335 sius
258 317 328 334 faciunt
335 323 388 334 unani
399 318 471 335 missam
481 321 498 334 et
505 317 588 334 fecerunt
597 317 696 338 celebrari,
707 323 739 340 pro
748 323 783 340 qua
791 318 864 341 quidem
872 318 928 335 missa
938 318 1046 335 celebranda
1054 321 1072 335 et
1079 317 1146 335 solem⁴

211 351 267 368 nitate
280 350 342 368 dehita
354 350 401 368 dicta
415 350 444 367 die
457 350 539 367 facienda
553 356 616 367 omnes
629 354 648 367 et
660 350 729 373 singuli
742 351 823 368 scolares
838 351 886 368 dicte
898 351 985 373 diocesis,
1001 351 1144 372 determinaturi,

211 383 321 401 licentiaturi
332 383 361 401 vel
370 383 461 407 incepturi
470 383 490 400 in
498 383 584 400 facultate
593 383 674 406 predicta
684 383 757 401 solvere
767 383 875 401 tenebantur
885 387 903 401 et
913 388 998 401 tenentur
1008 390 1060 401 unam
1071 384 1143 401 bursam

211 417 302 440 receptori
318 416 366 434 dicte
383 416 469 438 diocesis,
487 416 557 439 qualern
576 416 672 433 solvebant
687 420 705 433 et
722 416 796 433 solvunt
810 417 899 440 receptori
915 417 970 434 totius
987 421 1050 434 nostre
1066 417 1145 434 nationis

211 449 325 473 supradicte;
340 453 359 467 et
373 449 415 473 quia
429 449 485 473 aliqui
497 449 579 467 scolares
594 452 646 467 erant
659 449 691 473 qui
705 449 777 467 fuerant
791 449 869 467 rebelles
884 449 901 466 in
915 449 1005 467 solvendo
1017 449 1090 467 bursam
1104 455 1145 473 pre-

211 483 285 504 dictam,
303 483 403 501 secundum
419 484 467 506 quod
482 483 570 501 hactenus
585 483 644 500 extitit
658 483 699 500 fieri
712 487 829 504 consuetum,
845 489 879 500 nec
893 482 984 500 habebant
1000 483 1096 506 privilegia
1111 489 1144 500 seu

210 520 276 533 statuta
289 516 323 533 alia
338 522 371 539 per
384 522 420 539 que
433 520 510 539 possent
524 517 576 539 ipsos
589 516 671 533 scolares
685 516 708 533 ad
719 516 753 533 hec
767 516 885 538 compellere,
899 516 935 533 nisi
949 516 1035 533 duntaxat
1046 519 1145 533 consuetu-

210 550 272 566 dinem
282 549 411 573 supradietam,
422 553 439 567 et
450 550 518 567 idcirco
528 550 582 567 nobis
591 549 685 567 humiliter
696 549 845 572 supplicaverunt
855 549 923 566 eisdem
932 555 988 571 super
996 548 1025 566 his
1034 549 1055 566 de
1064 549 1144 566 remedio

211 586 314 606 opportuno
329 583 434 606 provideri:
447 589 481 600 nos
495 583 552 606 igitur
566 583 615 606 pium
631 586 648 600 et
663 583 748 600 devotum
764 583 846 606 ipsorum
862 582 977 605 propositum
993 582 1107 599 attendentes
1124 588 1144 599 ac

210 616 356 637 considerantes,
367 616 417 639 quod
429 616 506 640 pecunia
519 616 585 634 exinde
598 616 703 640 recipienda
715 616 734 633 in
744 616 784 639 pios
795 619 813 633 et
822 616 926 633 salutiferos
936 621 987 637 usus,
999 618 1017 632 et
1028 615 1046 632 in
1058 621 1145 638 augmen-

211 652 248 666 tum
264 649 324 666 cultus
339 649 396 666 divini
411 650 530 671 convertitur,
545 650 627 673 ipsorum
642 649 771 673 magistrorum
786 649 842 673 justis
859 652 877 666 et
891 649 962 666 devotis
980 648 1144 672 supplicationibus

210 682 298 704 inclinati,
312 682 408 705 cupientes
421 683 573 700 consuetudinem
585 683 685 705 predictam
700 683 808 700 laudabilem
823 686 841 700 et
854 682 979 706 prescripmm,
992 685 1011 699 et
1023 682 1047 699 ob
1060 688 1145 699 reveren0

211 716 252 733 tiam
262 716 296 732 Dei
306 715 437 738 omnipotentis
452 716 546 739 sanctique
559 716 660 739 supradicti
670 716 801 733 rationabiliter
813 716 942 737 introductam,
951 716 1026 739 jurique
1039 721 1144 736 consonam,

210 749 280 766 illesam
290 748 384 772 perpetuis
394 748 508 772 temporibus
517 748 647 766 inviolabiliter
657 749 758 770 observari,
767 749 862 766 statuimus
875 749 893 766 in
903 749 951 766 hunc
961 749 1036 766 modum
1047 755 1051 766 z
1060 748 1146 766 videlicet

210 782 260 805 quod
274 782 353 805 quilibet
366 782 443 799 scolaris
457 782 505 799 dicte
517 782 598 799 diocesis
609 782 738 799 Ambianensis
752 783 835 799 decetero
852 782 1006 799 determinaturus
1018 783 1048 800 vel
1064 782 1145 799 licentia-

211 819 270 836 turus,
280 815 310 833 vel
320 815 427 838 incepturus
437 816 456 832 in
469 815 553 832 facultate
566 815 630 832 artium
641 815 728 838 predicta,
739 815 853 838 procuratori
862 819 925 832 nostre
935 816 1014 833 nationis
1026 816 1057 839 qui
1068 816 1103 833 erit
1111 822 1145 838 pro

210 852 293 871 tempore
307 854 343 865 una
358 854 398 865 cum
413 848 454 865 aliis
465 848 575 870 juramentis
589 848 608 865 in
623 848 690 865 talibus
704 849 782 871 prestari
795 848 889 865 consuetis
902 849 964 871 jurare
980 848 1078 869 tenebitur,
1093 849 1145 871 cujus

210 882 290 899 diocesis
304 881 345 905 ipse
360 881 436 898 scolaris
451 882 478 899 sic
492 882 653 902 determinaturus,
669 881 795 899 licentiaturus
806 881 835 898 vel
849 882 955 904 incepturus
970 881 1035 899 existat
1048 882 1144 898 oriundus.

210 915 262 936 Item,
269 915 332 938 jurare
342 915 435 932 tenebitur
443 915 491 938 quod
499 918 595 938 antequam
604 914 719 936 determinet,
728 915 819 932 licentiam
830 915 912 937 recipiat,
920 915 949 932 vel
957 914 1033 938 incipiat
1039 915 1058 932 in
1068 915 1143 936 artibus,

210 948 249 971 ipse
261 947 333 965 solvere
342 948 435 965 tenebitur
445 948 535 971 receptori
547 948 591 965 dieti
601 948 718 971 episcopatus
727 948 857 965 Ambianensis
867 948 886 965 in
896 948 944 965 dicta
953 951 1016 965 nostra
1028 948 1119 969 facultate,
1130 948 1145 965 si

210 981 270 998 dictus
280 981 358 998 scolaris
369 981 393 998 de
405 981 452 999 dicta
464 981 534 998 diocesi
546 981 631 1003 extiterit,
642 987 696 998 unam
708 981 789 998 bursam.
799 982 852 1003 ltem,
862 981 956 1004 etjurare,
968 981 1016 1004 quod
1027 981 1042 998 si
1052 981 1146 1004 contingat

210 1014 270 1037 ipsum
280 1014 370 1031 scolarem
380 1014 447 1031 suturis
456 1014 570 1037 temporibus
579 1018 693 1037 receptorem
700 1015 739 1031 fore
748 1014 792 1031 dicti
801 1014 830 1031 sui
838 1014 954 1038 episcopatus
961 1014 1098 1036 Ambianensis,
1105 1014 1145 1037 ipse

211 1053 244 1070 per
251 1048 375 1070 juramentum
386 1047 478 1065 tenebitur
487 1048 565 1065 reddere
575 1047 643 1065 bonum
655 1051 672 1065 et
685 1047 739 1064 fidele
753 1051 856 1070 compotum
872 1048 964 1071 magistris
975 1047 1019 1064 dicu*
1033 1048 1062 1065 sui
1074 1047 1145 1071 episco*

210 1084 263 1104 patus
273 1081 403 1098 Ambianensis
416 1084 458 1098 tunc
469 1081 576 1104 regentibus
585 1081 632 1098 infra
642 1084 683 1098 octo
694 1081 734 1098 dies
744 1085 840 1104 postquam
851 1084 922 1103 tempus
933 1081 981 1098 dicte
991 1087 1024 1097 sue
1034 1081 1145 1104 receptionis

210 1114 265 1131 fuerit
272 1114 380 1137 expiratum,
389 1117 406 1131 et
414 1114 518 1131 satisfacere
527 1114 549 1131 de
557 1114 634 1137 pecunia
642 1120 678 1137 que
686 1113 762 1131 restabit
768 1114 790 1131 ad
799 1114 907 1131 solvendum
917 1119 940 1130 ex
949 1114 1011 1131 bursis
1019 1114 1144 1136 supradictis&

256 1147 355 1164 Statuimus
367 1147 444 1170 insuper
457 1147 506 1169 quod
519 1153 567 1164 anno
580 1147 664 1170 quolibet
675 1147 695 1164 in
707 1147 755 1164 sesto
767 1147 815 1164 beati
827 1147 926 1169 Dionysii⁶‚
938 1146 967 1164 vel
978 1146 1008 1163 die
1021 1147 1105 1169 sequenti
1115 1147 1146 1164 fiet

210 1186 258 1197 unus
275 1183 360 1204 receptor
376 1180 424 1198 dicte
441 1180 520 1197 diocesis
538 1186 571 1204 per
586 1180 684 1203 magistros
700 1180 780 1197 diocesis
797 1180 879 1202 ejusdem
896 1180 918 1197 ad
935 1179 969 1197 hec
985 1180 1097 1197 sufficienter
1113 1186 1146 1203 per

211 1213 302 1231 bedellum
321 1217 414 1235 evocatos,
431 1214 463 1237 qui
480 1217 564 1237 receptor
580 1214 653 1231 durabit
671 1219 730 1236 usque
747 1213 769 1230 ad
786 1213 835 1230 aliud
854 1213 920 1230 festum
938 1213 985 1230 beati
1004 1213 1087 1236 Dionysii
1102 1213 1146 1230 inde

210 1247 293 1270 proxime
306 1253 387 1270 sequens
399 1253 447 1264 anno
461 1247 553 1268 revoluto,
566 1248 597 1270 qui
607 1250 692 1270 receptor
703 1252 736 1270 per
746 1246 776 1270 viij
788 1246 827 1264 dies
838 1249 933 1270 postquam
944 1249 1015 1269 tempus
1028 1246 1086 1270 ipsius
1097 1246 1146 1270 expi-

210 1281 283 1302 raverit,
299 1280 322 1297 de
335 1280 415 1303 receptis
428 1287 461 1303 per
476 1286 524 1301 euin,
539 1284 558 1297 ut
571 1281 668 1303 prefertur,
684 1280 752 1297 bonum
765 1284 783 1297 et
795 1279 850 1297 fidele
862 1279 928 1297 reddet
939 1283 1042 1303 computum
1054 1280 1146 1303 magistris

211 1314 259 1330 dicte
273 1313 354 1330 diocesis
367 1317 386 1330 et
399 1313 498 1330 satisfaciet
513 1314 537 1330 de
552 1314 637 1337 receptis,
656 1314 706 1334 ltem,
725 1314 820 1330 statuimus
836 1313 885 1336 quod
899 1313 921 1330 ad
937 1313 1088 1336 supplicationem
1102 1313 1146 1330 dieti

211 1347 311 1370 recepturis
325 1347 373 1363 dicte
388 1346 475 1367 diocesis,
487 1346 517 1364 vel
532 1347 662 1370 magistrorum
675 1347 757 1369 ejusdem
771 1350 879 1369 procurator
892 1346 971 1363 nationis
985 1350 1055 1367 nostre,
1069 1347 1100 1369 qui
1113 1352 1146 1369 pro

211 1383 294 1403 tempore
307 1380 370 1402 fuerit,
384 1380 463 1397 rebelles
477 1383 494 1397 et
505 1380 577 1398 solvere
591 1386 628 1397 non
641 1380 725 1397 volentes
738 1380 795 1397 dietas
808 1379 873 1397 bursas
886 1380 990 1403 compellet,
1004 1383 1023 1397 et
1036 1380 1146 1403 compellere

212 1413 304 1430 tenebitur
314 1413 336 1430 ad
349 1413 457 1430 solvendum
471 1413 543 1430 easdem
553 1413 589 1431 viis
601 1416 619 1430 et
631 1413 691 1430 modis
702 1413 795 1435 omnibus,
806 1413 873 1435 quibus
883 1413 949 1430 melius
962 1413 1029 1436 poterit
1038 1416 1057 1430 et
1066 1413 1145 1430 debebit.

213 1447 235 1463 Et
249 1446 265 1463 si
279 1446 323 1463 dicti
338 1446 419 1463 scolares
432 1446 483 1469 ipsas
497 1446 563 1463 bursas
577 1446 650 1463 solvere
665 1446 763 1467 noluerint,
781 1449 798 1463 et
813 1446 891 1463 rebelles
906 1446 1005 1466 extiterint,
1021 1449 1082 1462 contra
1096 1446 1147 1468 ipsos

213 1479 313 1502 procedere
323 1479 415 1496 tenebitur
424 1482 509 1502 tanquam
519 1479 604 1502 perjuros
614 1482 632 1496 et
641 1479 725 1496 infames.

274 1509 290 1518 *a
298 1508 349 1521 chare.
359 1508 398 1520 Ilm».
407 1508 454 1521 Paris.
464 1508 480 1523 11,
489 1508 501 1520 ι.
636 1521 638 1523 ,
1071 1507 1087 1519 44
