1308 1835
197 196 245 215 1342]
399 203 422 214 ΑΒ
440 203 492 214 num
509 203 625 214 ucczxxxvn
642 202 708 217 usQur.
725 202 749 213 An
766 201 835 213 nuum
849 201 921 213 mecm„
1092 198 1125 215 525

195 242 264 256 ratores
275 242 293 255 et
302 242 373 262 ponunt
383 239 405 256 de
415 239 495 262 antiquis
505 242 522 256 et
532 245 569 256 non
579 239 602 256 de
611 239 664 256 novis
675 243 693 256 et
702 239 762 256 minus
772 239 859 262 ydoneos,
872 241 888 255 et
898 238 963 255 nolunt
971 238 1066 255 admittere
1073 239 1124 261 ipsos

195 272 217 288 ad
226 275 309 294 compota
320 272 413 289 reddenda
422 272 445 289 de
458 272 543 295 expensis
556 272 666 295 pensionum
678 276 695 289 et
710 272 834 295 provisionum
848 272 908 292 l'actis3
926 274 943 288 et
957 271 1000 288 licet
1009 271 1125 294 provisiones

194 305 298 322 w'ctualium
308 305 377 322 fuerint
386 305 431 321 facte
442 305 464 321 de
475 305 566 322 communi
573 305 650 328 pecunia
660 308 678 322 et
688 305 746 322 adhuc
755 305 833 323 habeant
843 305 865 322 de
875 311 910 328 quo
921 305 994 328 possint
999 305 1060 323 vivere
1066 310 1124 327 usque

194 338 216 355 ad
226 338 292 355 festum
302 338 351 355 beati
360 337 448 355 Johanuis
458 338 546 360 Baptista,
557 338 688 355 nichilominus
697 338 731 361 ipsi
746 339 815 361 antiqui
829 339 946 362 privaverunt
959 338 1010 361 ipsos
1024 338 1072 355 victu
1084 344 1124 359 suo,

195 371 265 388 scilicet
275 377 328 394 pane,
338 371 382 388 vino
391 374 411 388 et
419 371 508 393 pictancia
516 371 536 387 in
545 371 627 394 ipsorum
637 371 706 393 grande
718 371 837 394 prejudicium
848 375 866 388 et
872 372 967 394 jacturam.
977 372 1022 389 Item
1034 377 1071 388 non
1084 377 1125 394 per-

195 404 268 421 mittunt
277 404 326 427 quod
333 404 396 420 famuli
406 404 453 421 dicte
464 404 529 421 dumus
537 404 568 427 qui
577 404 640 421 vivunt
651 404 672 420 de
681 404 773 421 communi
782 404 861 421 serviant
871 404 916 426 ipsis
926 404 1028 421 scolaribus
1037 410 1071 421 nec
1084 410 1125 427 pre-

195 440 258 460 parent
267 437 334 454 cibaria
347 443 380 454 sua
394 437 414 453 in
427 437 505 460 coquina
518 437 615 454 communi*
630 437 686 454 Multa
700 437 733 454 alia
747 437 851 460 gravamina
868 437 977 460 pretendunt
992 437 1068 460 predicti
1082 437 1125 454 novi

195 471 274 488 scolares
285 474 347 488 contra
356 471 441 494 antiquos
450 477 485 494 que
495 471 540 488 sacta
547 474 591 488 sunt
598 474 616 488 et
623 471 641 487 in
651 471 697 488 facto
707 471 816 488 consistunt(

238 504 313 521 Vocatis
323 510 360 521 uno
370 504 392 521 de
403 504 505 521 scolaribus
517 504 598 527 antiquis
607 507 625 521 et
634 504 669 521 alio
680 504 702 521 de
713 504 764 521 novis
778 510 838 521 coram
848 503 976 521 diffinitoribus
989 504 1083 527 predictis,
1096 510 1125 521 au>

196 537 238 554 ditis
248 538 344 560 utriusque
352 538 408 560 partis
418 537 519 554 rationibus
530 540 547 554 et
557 537 701 554 deffensionibus
712 537 817 554 eorumdem
827 543 847 554 ac
856 537 895 554 visa
905 537 996 553 relacione
1004 537 1124 558 visitaturum„

195 570 287 588 diffiniunt
295 571 404 588 diffinitores
414 571 463 594 quod
473 571 515 588 novi
525 571 606 588 scolares
615 571 667 588 missi
677 571 744 588 virtute
754 570 908 588 Constitutionum
919 570 988 587 domini
998 571 1054 593 pape’
1066 574 1085 588 et
1094 570 1125 587 de-

195 607 256 621 cetero
269 604 354 621 mittendi
367 604 422 621 nichil
433 604 534 627 percipient
546 610 579 621 nec
589 604 683 621 habebunt
695 604 714 621 in
724 604 846 621 emolumento
855 604 964 626 pensionum
974 603 1089 626 antiquarum
1102 604 1125 620 de

196 637 298 655 scolaribus
310 643 343 660 per
355 638 426 660 priores
439 637 460 654 ad
472 637 550 655 studium
565 643 601 654 non
615 638 734 659 transmissis,
749 643 783 655 nec
796 637 815 654 in
827 637 949 654 emolumento
965 637 1029 654 domus
1043 637 1125 660 ipsorum

195 670 292 687 conducto.
303 671 329 687 De
340 674 358 687 et
369 676 426 693 super
435 670 585 694 procuratoribus
595 670 680 688 decetero
690 671 812 692 assumendis.
826 674 845 688 et
853 664 965 694 dereceptis
978 674 997 687 et
1006 670 1125 687 missionibus

195 710 228 727 per
237 704 289 727 ipsos
297 703 393 725 faciendis,
404 704 489 721 ordinant
498 704 606 721 diffinitores
616 704 666 727 quod
675 704 753 727 predicti
762 707 889 727 procuratores
901 704 922 721 de
933 704 1025 721 communi
1034 709 1126 721 consensu

196 741 213 754 et
224 737 316 755 voluntate
326 740 361 754 tam
371 737 487 760 antiquorum
498 743 549 760 quam
563 743 652 755 novorum
667 737 764 754 scolarium
781 738 891 760 conjunctim
906 737 997 760 eligantur
1010 741 1030 754 et
1044 741 1127 760 compota

195 771 316 787 communiter
325 770 429 791 audiantur3
441 774 458 787 et
468 771 484 787 si
492 776 524 793 per
535 774 575 788 octo
585 771 626 787 dies
635 773 677 793 post
684 774 767 793 compota
776 771 856 793 predicta
865 770 887 787 de
896 771 981 794 eligendo
990 774 1008 787 et
1015 770 1126 793 perficiendo

196 807 323 826 procuratores
333 804 352 820 in
362 803 409 820 dicta
419 804 473 820 domo
484 804 518 826 ipsi
527 804 607 821 scolares
617 804 729 821 concordare
735 810 772 820 non
780 807 871 827 poterunt.
879 804 989 821 camerarius
997 804 1071 821 Francie
1080 804 1126 821 duos

196 840 323 860 procuratores
332 837 356 854 de
365 837 452 860 predictis
462 836 565 854 scolaribus
574 836 641 854 ibidem
652 837 740 858 instituat,
751 840 805 860 prout
815 843 848 854 sue
857 837 964 854 discretioni
973 837 1066 854 videbitur
1072 843 1127 860 expe-

195 870 240 887 dire.
253 871 274 887 Et
283 871 332 894 quia,
343 874 363 887 ut
372 870 475 887 audivimus
484 876 494 887 a
504 870 610 893 fidedignis,
621 870 669 893 quod
679 870 744 893 prefati
754 870 834 887 scolares
848 870 904 893 aliqui
917 877 955 887 non
968 871 1066 888 comeduut
1078 877 1127 888 com-

195 901 274 918 muniter
285 902 304 918 in
314 902 413 925 communi,
423 902 456 919 sed
466 901 485 918 in
495 901 578 923 cameris,
588 907 622 918 nec
630 902 692 924 jacent
703 901 723 918 in
737 901 844 919 dormitorio
858 905 921 919 contra
936 902 1025 925 regularia
1037 902 1126 923 instituta,

196 934 277 952 districte
291 935 395 958 precipiunt
405 935 513 952 diffinitores
525 935 579 952 dictis
593 934 695 952 scolaribus
705 935 755 958 quod
767 935 852 952 decetero
863 941 900 952 nou
910 935 1006 952 comedant
1018 935 1037 952 in
1050 935 1127 952 cameris

196 974 230 985 nec
236 968 308 991 jaceant
318 968 355 985 nisi
367 968 386 985 in
396 974 440 985 casu
450 968 571 989 necessitatis,
581 972 600 985 et
609 971 652 985 tune
662 974 671 985 a
681 968 742 991 priore
753 972 770 985 et
780 968 877 991 suppriore
886 968 930 985 dicti
939 969 975 985 loci
985 968 1044 985 habita
1055 968 1126 985 licentia

196 1005 213 1018 et
224 1001 302 1018 obtentu.
313 1002 381 1019 Verum
391 1002 432 1024 quia
443 1001 505 1024 plures
515 1005 558 1018 suut
567 1002 683 1025 negligentes
693 1002 715 1018 de
724 1001 811 1019 mittendo
819 1001 899 1018 scolares
907 1002 930 1019 ad
939 1002 1013 1019 domum
1020 1002 1126 1025 predictam,

196 1040 259 1051 eorum
266 1034 380 1058 negligentie
388 1035 473 1058 suppleat
480 1034 566 1052 dominus
573 1035 707 1056 Cluniaeensis,
714 1035 757 1052 dum
764 1035 846 1058 predicta
852 1035 965 1058 negligentia
972 1035 1028 1052 fuerit
1034 1035 1070 1052 sibi
1077 1038 1125 1052 nota.

240 1068 299 1091 Super
308 1068 350 1085 aliis
355 1074 399 1086 vero
405 1068 496 1085 contentis
506 1068 525 1085 in
535 1068 623 1085 relatione
633 1068 768 1085 visitatorum...
776 1068 817 1091 quia
824 1074 860 1085 non
870 1068 963 1091 potuimus
972 1068 1073 1089 informari,
1083 1074 1127 1091 quo-

195 1102 242 1119 circa
252 1101 356 1124 precipiunt
366 1101 475 1118 diffinitores
485 1101 543 1124 priori
555 1101 616 1118 Sancti
629 1101 711 1124 Eutropii
722 1104 739 1118 et
749 1101 862 1124 procuratori
875 1101 993 1118 Cluuiaceusi
1005 1104 1094 1124 quatenus
1103 1101 1127 1118 ad

196 1135 295 1158 predictam
305 1135 380 1152 domum
389 1134 487 1151 scolarium
497 1134 618 1157 personaliter
629 1134 721 1156 accedant„
731 1138 751 1151 et
759 1134 847 1157 expositis
857 1134 903 1157 ipsis
913 1134 932 1151 in
944 1134 1032 1151 relatione
1045 1134 1127 1152 visitato-

196 1174 235 1185 rum
245 1168 336 1185 contentis
347 1171 364 1185 et
375 1168 441 1185 auditis
451 1168 571 1190 querimoniis
581 1168 670 1185 dictorum
681 1168 777 1185 scolarium
791 1174 880 1185 novorum
893 1171 912 1185 et
923 1167 1068 1185 deffensionihus
1081 1168 1127 1184 anti-

196 1207 272 1224 quorum
283 1202 329 1225 ipsis
338 1201 405 1219 facient
412 1201 486 1224 justicie
496 1201 656 1224 complementum,
668 1201 748 1218 rebelles
757 1207 800 1218 vero
812 1204 829 1218 et
838 1201 966 1218 inobedientes
975 1201 1085 1224 compellant
1094 1207 1127 1224 per

196 1241 291 1252 censuram
301 1235 443 1252 ecclesiasticam
453 1238 471 1252 et
480 1234 514 1252 alia
523 1235 600 1258 insuper
609 1235 689 1252 remedia
698 1238 792 1258 oportuna⁴
804 1234 903 1252 statuimus
912 1235 988 1258 insuper
995 1238 1013 1252 et
1021 1235 1126 1252 ordinamus

196 1268 245 1291 quod
255 1268 359 1285 visitatores
368 1269 462 1291 provincie
473 1269 548 1285 Francie
559 1268 616 1285 semel
627 1269 644 1285 in
655 1274 702 1285 anno
713 1269 735 1285 ad
745 1269 834 1285 dictorum
846 1268 918 1285 domurn
933 1268 1017 1285 studeant
1028 1268 1125 1289 declinare,

196 1307 229 1324 per
238 1301 318 1324 prefatos
328 1301 409 1318 scolares
421 1302 490 1318 eisdem
506 1308 560 1318 unum
575 1302 671 1324 prandium
685 1302 811 1323 ministrando,
826 1305 880 1325 prout
893 1302 938 1319 alias
952 1302 1011 1318 extitit
1023 1302 1126 1323 diffinitum,

196 1335 227 1358 qui
235 1335 340 1351 visitatores
350 1334 449 1357 diligenter
458 1334 481 1351 de
490 1335 526 1352 vita
537 1338 554 1352 et
564 1335 646 1352 moribus
657 1338 675 1352 et
686 1335 827 1352 conversacione
841 1335 930 1352 dictorum
945 1335 1042 1352 scolarium
1057 1339 1126 1352 secrete

196 1371 213 1385 et
227 1368 321 1391 sigillatim
332 1374 365 1391 per
372 1368 496 1391 juramentum
507 1368 605 1391 inquirant,
615 1371 634 1385 et
647 1368 664 1385 si
678 1368 776 1391 proficiunt
786 1368 805 1386 in
820 1369 895 1386 scientia
908 1369 1025 1392 acquirenda,
1036 1372 1054 1386 et
1066 1372 1125 1386 utrum

196 1404 261 1418 statuta
270 1401 318 1418 dicte
328 1401 393 1418 domus
403 1401 471 1418 ibidem
482 1401 608 1422 observantur,
622 1404 640 1418 et
651 1401 668 1418 si
682 1401 719 1418 sint
732 1407 796 1419 omnes
810 1402 866 1425 priori
881 1406 898 1419 et
913 1403 1005 1425 suppriori
1019 1403 1127 1420 obedientes

196 1437 250 1458 prout
259 1434 317 1451 decet.

241 1478 275 1491 BihL
283 1480 310 1491 nat,
319 1478 360 1491 rari».
368 1482 393 1491 nn.
401 1479 429 1493 lut,
438 1482 477 1492 ἰο-ιν.
484 1482 518 1495 aeq„
526 1479 561 1493 2253.
570 1478 592 1490 l'ol⁴
601 1479 619 1493 82,
628 1479 641 1490 ot
652 1478 700 1491 iterum
710 1478 730 1491 31.
737 1486 753 1489 —-
760 1481 784 1493 An.
796 1481 826 1493 1343
833 1481 891 1493 relatum
901 1482 921 1493 est
930 1480 992 1497 Capitale
1001 1481 1064 1497 gener-li,
1073 1481 1126 1498 aliquo·
