1308 1835
173 230 206 248 378
462 237 621 248 cnam-uranium
637 237 732 249 'suivans
752 237 816 248 mnis.
1058 231 1106 250 [1331

174 279 213 291 rum
225 274 359 291 ordinationum
369 274 466 296 papalium,
477 277 532 297 prout
540 274 559 290 in
569 274 609 296 ejus
619 274 748 291 commissione
758 274 831 296 plenius
839 274 948 294 continetur,
957 280 1013 296 super
1021 274 1107 296 predictis

174 307 280 324 excessibus
297 310 315 324 et
330 306 403 324 delictis
420 307 469 324 circa
484 310 542 324 actum
561 307 675 324 scolasticum
692 313 725 324 seu
742 306 863 329 dependentia
880 313 902 323 ex
921 306 983 323 eadem
998 313 1007 323 a
1023 307 1107 329 personis

173 340 254 357 Parisius
264 340 382 357 stuuentibus
391 346 424 357 seu
435 340 453 356 in
463 340 547 357 facultate
558 340 638 363 qualibet
648 340 716 357 ibidem
726 340 834 363 regentibus
846 340 909 356 illicite
921 340 1026 357 commissis
1037 340 1107 362 specia-

172 373 214 390 liter
224 373 316 396 deputato.
324 379 438 396 quarumque
448 373 662 396 correctio,jurisdictio=
671 373 741 396 punitio
752 376 786 390 tam
797 373 819 390 de
827 373 870 395 jure
879 378 933 395 quam
942 373 965 389 de
972 373 1107 389 consuetudine

172 406 214 423 stilo
226 409 243 423 et
253 406 355 429 privilegiis
365 406 415 423 sedis
425 406 525 429 apostolice
536 407 554 423 in
565 406 598 423 hac
607 410 658 429 parte
668 406 717 423 dicto
726 406 801 423 domino
811 406 918 423 cancellario
929 409 946 423 et
956 406 996 428 ejus
1009 406 1107 428 predeces-

172 439 245 456 soribus
256 440 274 456 in
285 439 373 463 dignitate
383 439 490 457 cancellarie
502 440 581 463 predicte
593 440 663 457 notorie
674 443 692 456 et
700 440 783 463 legitime
792 439 897 463 approbatis
907 443 925 456 et
934 445 943 456 a
953 442 1003 456 tanto
1018 442 1107 462 tempore,

171 473 224 495 cujus
234 473 320 490 contrarii
329 473 417 490 memoria
426 473 519 490 hominurn
532 479 568 490 non
578 474 645 494 existit,
656 473 738 490 noscitur
748 473 846 496 pertinere,
856 479 876 490 ae
886 473 935 490 dieto
941 473 1013 490 officiati
1023 472 1107 490 commis-

171 506 220 523 sario
230 505 273 523 dicti
284 506 353 523 domini
363 506 467 523 cancellarii
475 506 580 523 auctoritate
589 512 625 529 quo
633 511 688 528 supra
695 506 806 528 procedente
813 506 932 523 ventilaretur
939 509 1001 523 contra
1009 506 1106 529 magistros

171 539 291 562 Reginaldum
299 539 322 556 de
330 539 448 559 Cornemare,
456 542 550 562 gerentem
560 544 579 556 se
587 544 620 561 pro
628 538 726 556 substituto
735 538 798 556 decani
807 538 896 556 facultatis
904 539 1000 560 medicine,
1006 539 1106 556 Johannem

171 572 222 595 Pipe,
239 572 350 595 Stephanum
364 573 386 589 de
402 572 528 593 Calvomonte,
541 571 653 594 Stephanum
671 571 694 588 de
714 573 804 595 Nogento,
819 572 918 589 Hamonein
935 572 958 589 de
975 573 1071 595 Fougeriis
1089 576 1107 589 et

171 605 286 628 Radulphum
300 606 369 622 dictum
381 605 457 624 Pincon,
470 605 568 628 magistros
581 605 600 622 in
615 605 712 626 medicina,
724 611 784 622 coram
800 605 847 622 dicto
863 605 934 622 officiali
948 609 966 622 et
980 605 1106 622 commissario

171 638 214 655 dicti
228 638 297 655 domini
313 638 421 659 cancellarii,
439 638 511 661 datique
526 638 604 655 fuissent
621 638 665 655 certi
681 638 751 655 articuli
766 638 871 655 nominibus
889 638 956 661 quibus
973 644 1028 661 supra
1045 642 1106 656 contra

170 672 229 688 dictos
239 672 345 695 magistros,
355 675 374 688 et
383 671 427 688 dirti
438 671 503 694 phisici
513 672 536 688 ad
546 677 579 688 vos
590 671 682 688 dominum
693 671 787 688 officialem
799 672 920 689 Parisiensem
930 672 953 688 ab
963 671 1054 689 audientia
1062 672 1106 689 dieti

170 705 239 722 domini
256 704 340 721 officialis
351 704 420 721 domini
436 705 538 721 cancellarii
554 711 579 725 ac,
594 708 612 722 ut
627 705 728 727 predictum
743 708 777 725 est,
793 705 912 722 commissarii
927 705 1012 728 specialis
1028 705 1106 728 predicti

171 738 240 754 domini
255 737 358 754 cancellarii
372 738 391 754 in
404 737 437 754 hac
447 741 498 760 parte
511 738 575 754 frivole
587 741 604 754 et
614 737 694 754 indebite
710 738 755 760 (cum
766 744 802 754 non
812 738 835 755 ad
843 744 882 757 vos„
894 738 912 754 in
924 741 1008 760 quantuni
1020 738 1106 761 procede-

172 771 226 788 batur
235 771 342 788 auctoritate
352 770 491 794 privilegiorum
502 771 584 793 predicte
594 771 645 788 sedis
654 771 760 794 apostolice,
770 771 804 788 sed
810 771 833 788 ad
840 771 897 794 ipsam
908 771 970 788 sedern
981 771 1105 794 apostolicam,

170 804 186 821 si
196 810 267 821 causam
282 804 372 821 haberent
384 803 492 827 legitimam,
503 807 554 821 esset
563 804 696 827 appellandum)
707 810 726 821 ac
737 805 777 821 sine
786 810 840 821 causa
853 804 956 821 rationabili
967 804 1106 827 appellaverint,

169 840 246 860 vosque„
260 837 334 854 domiue
349 837 432 854 officialis
444 837 493 859 (licet
505 843 538 860 per
551 837 618 854 dictum
631 837 725 854 officialem
739 841 756 854 et
766 838 910 854 commissarium
921 837 990 854 domini
1002 838 1106 855 cancellarii

169 870 262 891 antedicti,
279 870 326 887 sicut
340 876 373 887 nec
389 870 460 892 debuit,
472 870 552 887 delatum
568 876 605 887 non
620 871 685 888 suisset
699 871 816 894 appellationi
831 871 918 894 predicte,
933 874 1017 893 tanquam
1031 871 1054 888 ad
1068 877 1105 888 non

170 904 290 926 superiorem,
307 904 325 920 in
341 907 427 926 quantum
440 904 574 927 procedebatur
587 904 654 921 virtute
669 904 757 921 dictorum
773 904 910 927 privilegiorum
924 904 1072 927 apostolicorum,
1085 908 1107 921 ut

170 937 273 959 predictum
286 940 320 956 est„
336 937 354 953 in
367 937 400 954 hac
411 940 462 960 parte
477 934 593 960 appellatum)
606 937 737 954 nichilominus
751 937 786 954 uisi
802 937 863 954 fuistis
874 943 903 954 me
917 943 952 960 quo
964 943 1019 960 supra
1031 938 1106 954 nomine

169 976 236 993 cogere
247 970 268 987 ad
281 970 418 993 procedendum
434 976 495 987 coram
504 970 558 987 vobis
568 970 649 987 indebite
659 974 677 987 ct
687 970 763 993 iujuste3
778 976 798 987 ac
811 971 865 987 etiam
879 976 912 993 pro
926 976 947 987 eo
962 970 1011 993 quod
1025 970 1069 987 licet
1083 970 1106 987 de

170 1003 223 1020 dictis
241 1003 343 1026 privilegiis
360 1006 378 1020 et
398 1006 487 1026 potestate
510 1003 553 1020 dicti
569 1003 674 1020 cancellarii
693 1003 770 1026 predicti
788 1009 798 1020 a
814 1003 859 1020 sede
878 1003 977 1026 apostoliea
997 1003 1106 1020 cancellarie

170 1036 268 1053 Parisiensi
283 1036 303 1053 in
315 1036 348 1053 hac
362 1039 411 1059 parte
424 1036 519 1053 concessis
533 1036 586 1053 vobis
597 1036 664 1053 suisset
676 1036 756 1059 plenarie
769 1036 813 1053 sacta
829 1036 880 1057 fides,
894 1042 915 1053 ex
928 1036 995 1059 quibus
1012 1036 1107 1053 manifeste

172 1068 228 1092 liquet
238 1070 297 1092 ipsum
309 1069 402 1086 dominu-m
415 1075 475 1086 meum
489 1069 617 1086 cancellarium
630 1072 648 1086 et
657 1070 698 1092 ejus
708 1070 809 1092 predictum
819 1070 970 1091 commissarium,
982 1069 1106 1093 inquantum,

171 1106 191 1120 ut
204 1103 305 1126 predictum
316 1106 350 1124 est,
362 1102 495 1126 procedebatur
509 1102 615 1120 auctoritate
629 1102 736 1125 apostolica,
750 1102 803 1120 vobis
815 1103 835 1119 iu
849 1103 908 1126 aliqua
923 1109 959 1120 nou
973 1102 1062 1120 subesse:
1074 1108 1107 1120 vos

171 1135 363 1157 nichilominus,diete
373 1136 446 1153 domine
458 1136 540 1153 officialis
548 1136 664 1157 Parisiensis,
673 1136 690 1152 in
701 1139 823 1159 contemptum
832 1139 893 1153 sancte
900 1136 951 1153 sedis
957 1136 1057 1159 apostolice
1067 1137 1107 1159 ejus

168 1169 314 1192 jurisdictionem
326 1169 379 1186 vohis
390 1169 470 1186 indebite
481 1169 530 1186 salva
539 1172 599 1186 vestra
610 1169 711 1186 reverentia
720 1169 825 1192 usurpando
833 1172 851 1186 et
859 1169 982 1192 perturbando
988 1175 1021 1191 per
1028 1172 1107 1186 vestram

171 1202 333 1224 interlocutoriam,
344 1203 360 1219 si
370 1203 397 1220 sic
411 1203 448 1219 dici
463 1202 534 1223 debeat,
546 1202 653 1219 decrevistis
666 1202 725 1219 dictos
736 1202 816 1225 phisicos
831 1202 913 1225 potuisse
926 1208 946 1219 ac
958 1202 986 1219 eis
997 1201 1073 1219 licuisse
1084 1202 1107 1219 ad

171 1241 205 1252 vos
214 1236 316 1259 appellasse
324 1242 344 1253 π
353 1236 406 1253 etiam
416 1242 476 1252 coram
487 1235 540 1252 vobis
551 1236 589 1252 sore
599 1235 736 1258 procedendum
746 1235 859 1252 interdictas
868 1238 936 1258 partes,
945 1241 982 1252 non
991 1235 1107 1252 obstantibus

172 1269 259 1292 predictis
274 1269 340 1286 litteris
356 1269 462 1292 apostolicis
476 1274 532 1291 supe*
546 1269 625 1291 predicta
641 1271 730 1291 potestate
743 1268 796 1285 vohis
810 1269 832 1285 ad
848 1268 921 1291 plenum
940 1268 1047 1286 exhibitis„
1062 1269 1107 1286 Item

172 1302 235 1325 quia«.
245 1308 284 1323 vosv
296 1302 370 1319 domine
380 1301 462 1319 officialis
472 1302 589 1322 Parisiensis,
600 1302 706 1324 priusquam
716 1305 766 1319 esset
778 1302 800 1319 de
812 1308 865 1319 causa
875 1302 969 1325 cognitum
979 1302 1034 1319 immo
1047 1302 1108 1325 prius-

172 1340 224 1358 quam
236 1338 285 1352 esset
295 1335 389 1358 cognitum
399 1338 459 1352 utrum
470 1335 493 1351 nd
502 1340 536 1351 vos
546 1327 612 1352 suisset
621 1340 653 1357 per
663 1335 802 1358 appellationem
816 1335 920 1358 hujusmodi
932 1335 1038 1358 jurisdictio
1052 1335 1108 1352 devo-

173 1368 215 1389 luta,
234 1368 329 1391 quamdam
340 1368 535 1394 excommunicationis
551 1368 659 1385 sententiam
676 1374 709 1391 per
726 1368 792 1386 dictum
812 1368 907 1386 officialem
925 1372 944 1386 et
962 1369 1107 1390 commissarium

173 1401 242 1419 domini
255 1401 359 1419 cancellarii
372 1402 478 1419 auctoritate
491 1408 526 1424 quo
538 1407 592 1425 supra
602 1402 637 1419 rite
646 1401 699 1419 latam
713 1402 852 1425 presumpsistis
864 1402 888 1419 de
901 1402 948 1419 sacto
964 1402 1051 1422 relaxare,
1066 1402 1109 1419 licet

173 1441 210 1452 non
219 1435 300 1457 possetis
309 1435 369 1458 aliqua
379 1435 450 1452 ratione
459 1435 520 1458 ipsum
531 1435 624 1452 dominum
635 1441 694 1452 meum
705 1438 723 1452 et
733 1435 772 1458 ejus
782 1435 925 1452 commissarium
937 1435 1040 1458 predictum
1049 1435 1068 1452 in
1076 1441 1108 1452 sua

171 1468 300 1491 jurisdictione
315 1468 351 1485 imo
366 1468 428 1485 verius
443 1469 550 1491 apostolica,
565 1469 584 1485 in
599 1472 684 1491 quantum
701 1468 833 1491 procedebatur
847 1468 952 1485 auctoritate
970 1468 1107 1491 privilegiorum

173 1502 239 1525 ipsius,
248 1501 332 1519 indebite
341 1501 456 1525 perturbare.

234 1533 253 1545 ιε,
