1308 1835
207 201 256 219 1340]
409 208 432 219 AB
449 208 503 219 imm
519 208 638 219 uccexxxvr
655 207 721 222 usquc
738 206 762 218 An
779 206 849 218 mmm
865 205 938 217 uocet.
1109 204 1144 220 495

206 243 281 261 discreti
291 244 326 261 viri
336 244 418 267 magistri
428 244 508 261 Simonis
518 244 541 261 de
550 244 641 265 Weucli’,
652 247 696 261 tunc
705 244 793 267 temporis
805 243 882 261 rectoris
890 243 1019 261 Universitntis
1030 244 1140 267 supradicte,

206 277 255 300 apud
271 276 363 294 Jacohitas
377 277 490 294 Parisienses
506 283 539 300 per
554 277 639 294 bedellos
656 283 689 294 seu
707 277 810 294 servientes
825 278 897 300 juratos
917 277 1000 300 ejusdem
1013 276 1143 294 Universitatis

207 310 281 330 vocatis,
293 313 310 327 et
318 310 386 327 ibidem
396 310 517 333 personaliter
527 310 650 332 congregatis,
663 313 716 333 prout
725 310 744 327 in
754 310 821 328 talibus
831 314 859 328 est
868 310 913 327 alias
920 310 960 327 fieri
970 313 1077 327 consuetum
1086 316 1090 327 z
1101 316 1142 327 cum

207 343 255 360 idem
269 346 330 360 rector
344 343 388 360 alias
400 343 508 360 tradidisset
523 342 542 359 in
555 342 632 365 quadam
642 343 789 366 congregacione
801 343 883 366 generali
897 344 990 366 magistris
1003 343 1057 360 trium
1068 342 1143 360 faculta-

206 379 251 397 tum,
259 376 346 393 videlicet
355 376 475 397 medicorum,
489 375 604 392 decretorum
616 379 635 393 et
648 376 783 399 theologorum=
798 379 835 393 tres
852 376 926 393 cedulas
941 377 1031 399 papireas,
1044 377 1064 393 in
1075 376 1144 399 quihus

206 409 277 426 cedulis
288 409 428 426 continebantur
437 408 509 426 articuli
518 412 537 426 et
546 409 611 426 modus
621 415 654 432 per
665 415 718 431 quem
731 409 853 430 detrahentes,
865 409 991 427 malefactores
1002 413 1019 427 et
1032 410 1143 427 detractores

207 442 303 459 scolarium
323 442 443 466 bejaunorum
463 442 606 466 corrigerentur,
624 445 643 459 ut
663 442 706 459 dicti
723 442 805 466 magistri
824 442 946 465 predictarum
963 443 1067 459 facultatum
1086 443 1143 460 dictas

207 476 281 493 cedulas
289 476 410 499 corrigerent,
418 481 451 499 pro
461 475 531 493 honore
541 476 670 493 Universitatis
679 475 772 497 habendo,
784 475 851 498 quibus
860 475 931 493 cedulis
941 475 963 493 ab
972 476 1041 493 eisdem
1050 476 1143 499 magistris

207 509 302 530 correctis,
312 512 333 526 ut
341 509 414 526 dicebat
423 509 471 526 idem
482 512 547 530 rector,
559 515 596 526 non
606 512 666 526 tamen
675 508 829 526 concordantibus
842 509 860 525 in
873 514 926 526 unam
940 509 1047 526 sententiam
1059 509 1144 526 similiter

207 542 267 565 quoad
281 547 346 559 omnes
360 542 448 559 articulos
464 546 559 560 contentos
574 542 593 559 in
609 542 680 559 cedulis
696 542 815 565 supradictis3
832 545 851 559 et
864 542 883 559 in
897 541 982 564 sequenti
994 542 1141 565 congregacione

207 575 295 598 generali,
305 575 393 593 videlicet
401 576 430 593 die
441 576 490 596 lune,
502 576 578 598 septima
587 576 617 592 die
626 576 696 593 mensis
701 575 802 597 Februarii,
811 579 853 598 post
861 574 1011 592 Purificacionem
1021 575 1076 592 Beate
1086 572 1143 592 Marie

206 608 296 632 Virginis=
307 609 327 626 in
337 609 391 632 plena
401 609 547 632 congregacione
557 609 640 632 generali
649 609 698 632 apud
708 609 793 630 Sanctum
803 608 919 630 Mutus-inum„
930 608 975 625 hora
987 614 1036 625 none
1049 607 1078 625 vel
1088 608 1142 629 circa,

206 642 300 665 predictus
315 645 375 659 rector
390 642 410 659 in
423 642 518 665 presencia
536 642 571 659 mei
586 642 675 659 Johannis
691 642 757 659 notarii
773 642 842 665 publici
858 642 958 665 supradicti
976 641 1040 658 iterate
1055 641 1143 664 predictis

207 675 300 698 magistris
307 675 411 692 facultatum
422 675 543 698 predictarum
557 666 614 692 dictas
628 679 666 693 tres
677 676 752 693 cedulas
764 675 875 697 tradidisset,
889 675 995 698 ibidemque
1009 675 1142 698 proposuisset,

207 714 227 725 ac
235 708 324 725 instanter
333 708 461 731 requisivisset
471 708 530 725 dictos
539 709 644 732 magistros,
652 712 673 726 ut
682 709 772 731 predictas
783 708 857 726 cedulas
867 708 926 731 quoad
940 711 1006 731 puncta
1017 708 1143 725 discordancia

207 741 348 763 concordarent;
365 742 396 764 qui
413 742 486 764 quidem
499 742 581 764 magistri
594 742 716 765 predictarum
731 742 785 758 trium
803 741 908 759 facultatum
922 742 977 759 simul
994 742 1107 765 congregati,
1124 742 1143 759 in

208 781 260 792 unam
270 775 354 792 cedulam
363 778 410 792 toms
420 775 560 796 concordarunt,
572 778 589 791 et
599 775 665 792 dictam
674 775 757 792 cedulam
767 775 794 792 sic
804 781 837 798 per
847 775 904 792 dictas
914 778 951 792 tres
962 775 1056 792 facultates
1067 781 1143 792 concor-

207 808 266 825 datam
275 808 295 825 in
304 814 359 825 mann
368 813 408 824 mea
418 808 497 831 propria,
508 811 593 830 tanquam
602 808 620 824 in
632 814 685 824 manu
696 807 774 830 publica,
787 808 895 825 unanimiter
905 808 1025 825 tradiderunt.

252 841 324 863 Quibus
335 841 362 858 sic
370 841 429 862 sactis,
438 840 531 864 predictus
541 844 608 862 rector,
622 841 642 858 in
656 841 708 858 tertia
722 841 867 864 congregacione
878 841 959 864 generali
969 841 1098 865 magistrorum
1107 845 1142 859 tam

207 874 309 898 regentium
320 880 373 898 qnam
384 880 421 891 non
430 874 540 897 regentium,
551 874 574 891 de
584 880 619 897 qua
629 874 776 898 congregacione
789 874 808 891 fit
818 874 886 891 mentio
895 874 915 891 in
924 874 965 892 data
975 875 1067 898 presentis
1075 875 1143 892 instru-

207 908 269 929 menti,
279 908 367 925 videlicet
375 907 394 925 in
404 908 550 931 congregacione
562 911 624 925 octave
635 908 672 925 diei
681 907 751 925 mensis
761 907 861 929 Februarii,
872 911 915 931 post
925 908 1074 925 Purifieacionem
1089 909 1143 925 Beate

207 941 264 958 Mario
272 941 363 964 Virginis,
373 945 394 958 ut
405 941 491 964 superius
506 944 534 958 est
544 941 580 964 jam
594 941 669 962 dictum,
684 941 790 964 sepedictus
802 944 863 958 rector
877 941 896 958 in
910 942 946 958 mei
957 941 1046 958 Iohannis
1059 941 1143 964 predicti,

207 980 227 991 ac
244 974 344 997 supradicti
361 974 444 995 Goberti,
459 975 571 992 notariorum
584 974 707 998 publicorum,
725 978 743 991 et
759 974 832 991 testium
852 974 898 991 infra
921 975 1031 997 scriptorum
1049 975 1144 997 presencia

207 1007 299 1030 predictos
313 1008 412 1030 magistros
427 1008 482 1024 trium
496 1008 599 1025 facultatum
613 1008 736 1030 predictarum
751 1008 847 1031 requisivit
860 1014 893 1031 per
909 1014 972 1025 eorum
983 1008 1093 1031 juramenta,
1108 1011 1143 1025 tam

207 1041 317 1064 conjunctim
333 1046 386 1063 quam
400 1041 481 1062 divisim,
494 1044 515 1058 ut
528 1041 602 1058 nomine
615 1047 689 1058 suarum
702 1041 812 1062 facultatum,
828 1047 861 1064 per
873 1041 948 1058 modum
956 1041 1029 1064 judicii,
1042 1041 1104 1058 statuti
1114 1041 1144 1058 vel

207 1074 338 1096 ordinacionis,
346 1074 376 1091 illa
387 1080 423 1097 que
432 1074 456 1091 de
462 1074 520 1091 verbo
529 1074 551 1091 ad
561 1074 638 1091 verbnm
648 1074 788 1091 continebantur
797 1074 817 1091 in
826 1074 907 1097 predicta
915 1074 986 1095 cedula,
995 1074 1050 1093 michi
1059 1074 1143 1096 Johanni,

207 1107 280 1130 publico
291 1107 369 1128 notario,
379 1107 430 1130 prius
440 1107 511 1129 tradita,
525 1111 546 1124 ut
557 1107 625 1124 dictum
639 1110 673 1129 est,
686 1110 705 1124 et
718 1107 766 1124 dicta
779 1107 808 1124 die
821 1107 890 1129 martis,
902 1107 922 1125 in
935 1113 999 1124 eorum
1013 1108 1108 1130 presencia
1124 1113 1144 1124 ac

207 1141 336 1164 magistrorum
345 1141 436 1158 faculmtis
446 1141 521 1162 arcium,
531 1144 550 1157 et
559 1141 603 1157 dicti
613 1140 679 1157 notarii
688 1140 758 1163 publici
767 1146 787 1157 ac
795 1140 868 1157 testium
879 1140 1032 1163 subscriptorum,
1043 1146 1077 1163 per
1087 1146 1115 1157 me
1126 1140 1144 1157 in

207 1174 287 1197 predicta
301 1174 447 1197 congregacione
457 1174 510 1195 lecta,
523 1180 556 1197 pro
568 1173 639 1191 honore
650 1174 786 1195 Universitatis,
796 1173 854 1197 palam
869 1177 888 1190 et
899 1173 972 1196 publice
983 1179 1003 1190 ae
1018 1173 1071 1190 etiam
1081 1173 1144 1191 verbo·

208 1210 268 1228 tenus,
278 1207 421 1230 pronunciarent
430 1210 448 1224 et
458 1207 511 1224 etiam
521 1207 667 1230 promulgarent3
680 1207 762 1230 dixitque
774 1207 834 1224 dictus
849 1210 908 1224 rector
920 1207 940 1223 in
952 1207 985 1224 illo
998 1207 1074 1224 instanti
1088 1207 1145 1230 magi-

208 1241 251 1257 stris
260 1240 350 1258 facultatis
361 1241 435 1262 arcium,
443 1247 463 1258 ac
474 1246 506 1258 eos
516 1241 618 1264 requisivit,
629 1240 679 1263 quod
689 1244 772 1257 contenta
784 1240 802 1257 in
812 1240 892 1263 predicta
902 1240 973 1261 cedula,
982 1243 1037 1263 prout
1043 1240 1144 1262 audierant,

208 1279 241 1297 pro
251 1273 321 1291 honore
334 1274 462 1291 Universitatis
476 1274 615 1295 concordarent,
630 1279 650 1291 ac
665 1273 718 1291 etiam
733 1273 859 1297 approbarent<
875 1274 916 1295 Quo
930 1273 984 1295 sacto,
999 1273 1052 1291 dictis
1068 1277 1145 1297 quatuor

208 1306 323 1324 facultatibus
333 1306 356 1324 ad
366 1310 434 1330 partem
442 1307 556 1328 substractis,
567 1310 585 1324 et
595 1306 655 1324 hahita
666 1307 826 1330 perscruptacione
838 1306 929 1330 diligenti,
943 1307 1008 1324 iterum
1021 1306 1144 1330 congregatim

208 1340 248 1363 ipse
258 1343 336 1363 quatuor
342 1340 436 1357 facultates
447 1346 480 1357 seu
490 1340 572 1363 magistri
585 1340 689 1357 earumdem
703 1340 794 1361 dixerunt,
809 1346 829 1357 ac
840 1340 894 1357 etiam
908 1340 1024 1357 concorditer
1037 1340 1145 1363 pronuncia-

208 1377 274 1391 verunt
289 1373 339 1396 quod
354 1373 440 1391 volebant
456 1377 474 1390 et
492 1373 634 1395 concordabant,
651 1373 701 1397 quod
715 1374 775 1390 omnia
794 1373 813 1390 in
830 1373 911 1396 predicta
927 1373 992 1391 cedula
1010 1377 1094 1391 contenta
1113 1380 1145 1397 per

209 1407 282 1424 modum
298 1406 421 1423 ordinacionis
437 1406 522 1423 decetero
535 1410 651 1428 tenerentur,>
664 1406 699 1423 hoc
713 1409 782 1423 tantum
797 1410 879 1429 excepto,
894 1406 944 1429 quod
958 1407 986 1424 vir
997 1407 1113 1425 ,venerabilis
1129 1410 1146 1424 et

209 1440 300 1457 discretus
309 1440 397 1463 magister
406 1439 504 1457 Nicholaus
515 1440 537 1456 de
547 1439 646 1461 Hamello',
657 1439 721 1456 doctor
731 1439 750 1456 in
759 1439 844 1461 decretis),
855 1440 887 1462 qui
894 1446 930 1457 non
938 1440 998 1457 fuerat
1004 1440 1023 1457 in
1032 1440 1145 1457 correctione

209 1473 290 1496 predicte
303 1473 374 1494 cedule,
388 1476 408 1490 ut
422 1473 499 1493 dicebat,
515 1473 588 1490 nomine
600 1478 634 1490 sue
646 1472 737 1490 facultatis
750 1472 871 1494 decretorum,
888 1473 915 1490 sic
927 1473 980 1495 dixit,
993 1473 1043 1496 quod
1055 1479 1094 1490 non
1109 1476 1147 1490 erat
