1308 1835
207 215 256 234 1347]
410 222 433 233 ΑΒ
450 221 503 233 Anno
519 221 637 233 uccrxxxvi
654 221 720 236 stvs
736 221 760 233 An
777 220 847 233 Aurum
864 220 935 232 necet.
1102 218 1135 234 609

205 258 264 275 sentia
274 258 353 275 nationis
362 264 383 275 se
393 258 472 275 fideliter
481 259 499 275 in
510 259 583 281 scriptis
594 259 678 281 redigere
689 265 783 280 summam,
794 259 874 282 speciem
882 262 901 275 et
907 258 987 276 valorem
997 258 1080 281 pecunie,
1091 265 1135 281 quas

205 298 215 308 a
225 291 307 314 quolibet
317 295 379 309 nostre
388 292 468 308 nationis
478 292 560 314 recipere
570 292 621 314 ipsos
631 292 730 314 continget⁴
745 293 766 309 Et
778 292 825 309 idem
837 292 854 309 in
865 292 927 309 missis
939 292 1028 309 faciendis
1039 292 1135 309 statuimus

205 325 347 346 observandum,
361 325 447 347 quodque
461 325 555 342 residuum
568 325 629 346 suerit,
641 325 710 342 nationi
724 325 821 342 restituent
834 329 851 342 et
864 326 960 343 refundent
970 326 1021 348 juxta
1034 325 1105 342 modum
1117 326 1135 342 in

205 358 240 375 alio
256 361 322 375 statuto
337 358 416 375 nationis
430 361 535 375 annotatum
547 358 567 375 in
581 358 658 381 pecunia
675 362 747 381 recepta
761 358 790 375 vel
807 358 898 376 consimili
914 359 948 376 sub
963 359 1026 376 eadem
1042 359 1103 382 specie
1118 362 1136 375 et

204 387 271 404 valeret

249 421 300 441 Item,
312 426 334 437 ne
345 420 421 443 pecunia
431 420 511 437 nationis
523 420 627 437 inordinate
639 423 762 441 consumatur,
773 420 865 441 volumus,
875 421 976 442 statuimus„
988 427 1008 438 ac
1020 421 1072 438 etiam
1087 421 1135 437 ordi-

204 460 275 473 namus,
287 459 309 471 ne
323 457 386 471 nostre
399 454 479 471 nationis
491 457 599 477 procurator
610 453 639 471 vel
653 453 699 471 alius
713 459 778 471 vocare
788 453 846 471 valeat
858 454 880 471 ad
892 454 1013 471 ordinandum
1027 454 1049 471 de
1059 450 1135 478 pecunia

204 487 291 507 nationis,
304 487 340 504 nisi
356 487 391 508 die,
402 493 437 510 qua
450 491 490 504 actu
504 487 576 510 legetur
590 487 689 508 ordinarie,
702 490 720 504 et
732 487 775 504 hora
789 487 846 509 prime
860 488 880 504 ΒΔ
891 487 947 504 Marie
958 487 1021 508 Paris..
1033 487 1059 504 sic
1069 490 1134 508 tamen,

204 520 254 543 quod
266 523 308 543 post
321 520 442 543 pulsationem
455 520 513 544 prime
527 520 608 544 magistri
623 523 741 543 expectentur
754 526 787 544 per
798 520 859 537 debita
872 523 889 537 et
902 521 1025 543 competentia
1034 520 1134 538 intervalla,

205 555 226 571 Et
236 554 252 571 si
265 560 320 571 secus
334 557 393 571 aetum
407 554 468 575 suerit,
479 560 502 571 ex
513 560 562 571 nunc
573 557 629 577 prout
641 559 663 571 ex
676 557 725 575 tunc,
736 557 754 571 et
767 560 789 571 ex
800 557 843 571 tunc
856 557 910 577 prout
919 559 941 570 ex
950 560 1005 575 nunc7
1017 553 1062 571 illud
1072 554 1135 571 decr&

204 587 263 604 vimus
273 587 344 604 irritum
355 591 373 604 et
383 588 443 607 inane.
453 593 487 604 nec
497 587 574 610 alicujus
584 593 626 604 esse
636 587 732 608 firmitatis,
743 587 789 604 adeo
799 587 849 610 quod
858 588 911 604 etiam
921 593 977 610 super
987 587 1021 604 hoc
1033 590 1064 604 aut
1074 587 1134 610 aliquo

204 624 290 637 contento
307 621 326 637 in
341 621 421 643 presenti
439 624 505 637 statuto
521 624 608 643 tangente
626 624 738 643 receptorem
756 620 785 638 vel
802 621 896 643 pecuniam
915 620 995 637 nationis
1014 620 1064 637 nullo
1082 621 1134 637 modo

204 654 311 676 dispensare
321 653 420 671 valeamus
431 654 466 671 Sed
477 660 533 677 super
542 653 576 671 hoc
584 660 594 671 a
602 654 657 671 nobis
666 657 684 671 et
694 654 762 671 nostris
773 654 913 671 successorihus
923 654 1004 671 abdicata
1014 654 1038 671 sit
1048 657 1134 676 potestas,

204 687 253 710 quod
263 686 393 704 inviolabiliter
404 687 502 704 observare
514 693 548 704 uos
559 690 655 710 presentes
667 693 699 710 per
712 691 773 704 nostra
784 687 906 710 promittimus
913 687 1022 710 juramenta,
1035 690 1053 704 et
1063 690 1135 704 nostros

203 726 322 738 successores
333 721 424 744 volumus„
434 724 452 737 et
463 721 516 738 etjam
526 721 662 744 promovendos
672 721 695 737 ad
706 721 783 744 gradum
793 720 893 743 magisterii
903 724 999 743 antequam
1009 721 1102 744 incipiant,
1114 720 1135 737 ad

203 754 237 771 hoc
245 754 351 777 specialiter
359 754 444 778 obligari.

247 788 325 811 Insuper
335 788 377 810 quia
387 793 423 805 non
434 788 548 805 uniformiter
558 787 641 811 pulsatur
648 793 681 810 pro
690 788 743 804 nonis
752 788 770 804 in
779 787 855 805 ecclesia
863 787 968 808 Parisiensi,
977 793 1019 805 curn
1027 788 1135 811 quandoque

203 821 287 844 pulsetur
300 824 342 838 ante
357 827 440 844 magnam
455 821 528 838 missam
543 821 562 838 iu
576 821 727 844 Quadragesima,
741 821 851 844 quandoque
865 824 907 838 ante
920 821 1023 844 prandium⁷
1038 821 1081 838 linet
1095 825 1136 844 post

203 855 298 877 prandium
311 860 389 877 vespere
402 855 528 875 decantentur,
541 858 604 871 nostro
618 858 685 871 statuto
695 854 718 871 de
730 854 784 871 modo
794 854 880 877 pulsandi
889 860 976 877 vesperas
988 854 1018 871 die
1028 855 1107 875 veneris,
1118 858 1135 871 et

203 888 276 905 missam
288 888 354 905 diebus
363 888 433 905 sabbati
444 887 527 905 addimus
538 888 634 905 statuendo
644 894 680 910 que
691 891 802 910 sequuntur:

246 921 315 942 Primo,
326 921 375 944 quod
388 921 491 938 nullatenus
504 921 587 944 pulsetur
597 927 631 944 pro
640 921 730 944 vesperis,
741 921 777 937 nisi
787 921 858 944 pulsato
872 921 930 943 primo
942 921 978 938 ictu
988 927 1105 943 vesperarum
1116 921 1134 938 in

203 954 280 971 ecclesia
290 955 347 971 Paris.
357 954 437 972 totaliter
447 958 464 971 et
474 954 564 977 complete
578 954 644 971 diebus
660 954 726 977 quibus
740 954 823 977 pulsatur
836 960 869 977 pro
884 954 938 971 nonis
950 958 992 971 ante
1006 954 1101 977 prandium
1116 955 1134 971 in

204 988 250 1005 dicta
262 987 346 1009 ecclesia,
361 991 379 1004 et
391 991 433 1005 tunc
447 988 543 1010 pulsentur
555 993 633 1010 vespere
645 993 679 1010 per
689 991 726 1005 tres
738 988 785 1005 ictus
795 991 816 1004 ut
827 987 883 1005 moris
893 991 928 1009 est,
939 987 999 1004 dehita
1008 993 1064 1011 pausa
1076 988 1134 1005 media

203 1021 250 1038 inter
261 1021 313 1038 ictus*

247 1055 298 1075 Item,
309 1060 343 1078 pro
353 1055 408 1072 missa
418 1061 454 1072 nou
462 1055 545 1078 pulsetur
555 1054 621 1071 diebus
631 1054 698 1077 quihus
705 1054 740 1071 erit
748 1060 814 1075 sermo,
822 1054 859 1071 nisi
867 1059 951 1072 sermone
959 1054 1056 1078 completo,
1065 1055 1134 1072 etiamsi

203 1088 293 1111 pulsatum
304 1094 337 1111 pro
347 1088 412 1111 primis
424 1088 494 1109 existat
506 1092 523 1105 et
536 1092 578 1105 tunc
589 1088 686 1111 pulsentur
698 1091 735 1105 tres
746 1088 793 1105 ictus
803 1088 888 1111 paulatim
898 1091 916 1105 et
929 1087 1000 1105 seriose
1012 1088 1060 1105 sicut
1073 1094 1134 1111 supra,

203 1122 229 1138 sic
239 1122 288 1144 quod
303 1122 386 1144 magistri
398 1122 421 1138 de
434 1127 519 1139 sermone
532 1121 561 1139 vel
574 1121 597 1138 de
610 1121 696 1138 domibus
707 1121 747 1138 suis
761 1121 837 1143 reversi,
848 1121 877 1138 vel
888 1122 913 1138 sit
921 1121 1028 1142 verisimile,
1039 1121 1087 1144 quod
1097 1122 1134 1144 jam

203 1155 283 1176 venisse,
297 1159 364 1172 attenta
378 1155 413 1172 loci
426 1155 458 1172 ubi
471 1155 503 1172 fiet
515 1161 576 1172 sermo
589 1155 618 1172 vel
632 1155 727 1172 domorum
741 1155 832 1176 distantia,
847 1155 955 1178 potuissent.
971 1155 993 1172 Et
1006 1155 1046 1177 quin
1061 1161 1097 1171 non
1107 1158 1135 1172 est

202 1189 309 1210 verisimile,
322 1188 371 1211 quod
384 1189 425 1211 quis
438 1195 471 1211 pro
485 1188 556 1205 modico
567 1189 666 1211 juramenti
680 1192 807 1211 transgressor
821 1188 891 1210 existat,
907 1188 992 1205 volumus
1004 1188 1053 1211 quod
1066 1188 1081 1205 si
1094 1188 1134 1211 quis

203 1225 244 1245 post.
258 1222 320 1239 horam
335 1222 355 1239 in
369 1225 435 1239 statuto
450 1228 507 1245 super
519 1221 554 1238 hoc
569 1222 651 1239 consecto
666 1225 768 1239 contentam
784 1222 806 1238 ad
821 1221 916 1239 ecclesiam
931 1221 1010 1243 accedat,
1026 1224 1043 1238 et
1059 1221 1133 1238 dubium

203 1255 263 1276 fuerit,
273 1261 296 1272 an
306 1256 346 1278 ejus
356 1256 409 1278 eulpa
422 1255 446 1273 sit
456 1259 487 1272 aut
498 1261 559 1277 causa⁷
570 1255 619 1278 quod
629 1256 669 1278 ejus
679 1255 763 1272 credatur
771 1256 875 1278 juramento
884 1259 903 1272 et
914 1261 947 1272 sue
957 1255 1069 1272 conscientie
1079 1255 1134 1272 relin-

203 1292 274 1311 quatur.
291 1289 313 1305 Et
324 1294 348 1305 ne
360 1288 428 1306 bedelli
443 1289 501 1306 nostri
515 1295 571 1312 super
582 1288 616 1306 hoe
631 1295 650 1306 se
664 1295 751 1306 excusare
762 1289 839 1310 valeant,
850 1289 945 1306 smtuirnus
959 1294 981 1306 ne
995 1289 1036 1312 quis
1048 1290 1134 1312 magister

203 1325 233 1339 aut
243 1322 373 1343 determinans,
384 1322 415 1345 qui
425 1322 443 1339 in
454 1322 537 1345 vesperis
547 1326 577 1339 aut
586 1323 648 1339 missis
658 1328 699 1339 esse
709 1326 801 1343 tenentur,
812 1328 846 1345 pro
855 1322 938 1345 vesperis
949 1326 979 1339 aut
989 1322 1051 1339 missis
1062 1322 1133 1345 pulsare

203 1359 301 1379 presumat,
317 1355 353 1372 nisi
369 1361 402 1378 per
416 1355 508 1372 bedellum
522 1361 578 1379 super
592 1356 627 1373 hoc
641 1356 741 1379 requisitus
752 1356 806 1372 suerit
817 1359 848 1372 aut
861 1359 942 1379 rogatus,
953 1355 977 1373 Et
990 1356 1006 1372 si
1018 1355 1059 1379 quis
1072 1359 1134 1373 contra

203 1389 272 1410 fecerit,
290 1395 355 1412 penam
373 1389 451 1406 duorum
470 1389 586 1406 denariorum
604 1389 684 1406 incurrat
700 1389 722 1406 ad
739 1395 791 1406 usum
809 1389 886 1412 pecunie
903 1389 970 1412 pixidis
987 1389 1133 1407 convertendam.

203 1423 267 1439 Datum
282 1422 330 1445 apud
344 1422 361 1439 S.
376 1422 467 1439 Juliauum
482 1422 536 1439 nobis
550 1422 572 1439 ad
587 1422 702 1439 statuendum
717 1422 841 1445 congregatis,
855 1426 875 1439 ut
887 1422 943 1439 moris
957 1426 990 1444 est,
1005 1429 1052 1439 anno
1062 1422 1134 1440 Domini

203 1456 343 1476 MCCCXLVH,
362 1455 391 1472 die
408 1455 478 1472 sabbati
494 1458 536 1472 ante
551 1455 618 1472 festum
636 1455 736 1472 Nativitatis
756 1455 836 1476 Domini,
854 1455 971 1478 presentibus
989 1455 1073 1473 discretis
1090 1455 1134 1472 viris

205 1489 297 1512 magistris
307 1489 388 1506 Roberto
396 1489 419 1506 de
429 1489 501 1512 Septem
512 1488 611 1506 Vallibusfl
619 1492 662 1506 tunc
669 1492 787 1511 procuratore
797 1488 883 1510 nationis,
893 1489 976 1506 Gerardo
986 1488 1133 1511 Bouquedepois.

266 1520 281 1528 u
290 1518 337 1531 enare.
349 1518 388 1530 onie.
396 1518 444 1531 Paris.
452 1518 469 1532 u,
478 1518 489 1530 ι.
1058 1517 1072 1529 7⁷
