1308 1835
202 214 249 233 1331]
402 223 425 233 aa
443 223 496 234 ANNO
513 223 631 234 ncnzxxxvi
648 223 714 237 usqu
731 222 756 233 an
772 221 842 233 aarum
859 220 931 232 mecon
1101 218 1134 235 355

200 257 249 274 tione
264 261 327 280 quarta
342 258 418 279 decima,
433 258 549 281 pontificatus
563 259 673 275 sanctissimi
687 259 705 275 in
719 258 792 276 Christo
806 258 862 281 patris
876 263 895 274 ac
910 257 979 274 domini
994 258 1051 274 nostri
1066 258 1134 275 domini

200 291 288 308 Johannis
297 291 359 308 divina
368 291 482 314 providentia
492 297 538 314 pape
548 292 600 308 XXII
609 298 658 308 anno
668 292 731 314 quinto
743 292 820 313 decimo„
831 292 850 308 in
860 295 943 308 nostrum
953 291 1064 309 notariorum
1075 291 1134 314 publi-

200 330 262 341 corum
279 325 389 347 testiumque
405 325 562 347 infrascriptorum
576 325 598 341 ad
613 324 647 341 hec
663 328 767 341 vocatorum
782 328 800 341 et
814 328 917 348 rogatorum
932 325 1034 348 presencia,
1048 331 1067 342 ac
1080 330 1134 342 vene—

201 357 285 374 rabilium
300 361 319 374 et
330 358 452 374 discretorum
465 357 547 374 virorum
563 357 691 380 magistrorum
706 357 803 380 Reginaldi
816 358 839 374 de
853 358 971 379 Cornemare,
985 358 1044 375 locum
1057 358 1134 375 tenentis

201 391 265 407 decani
277 391 367 408 facultatis
380 390 477 411 medicine,
489 390 577 407 Johannis
589 390 640 413 Pipe,
655 391 702 407 Petri
718 390 740 407 de
753 390 844 411 Alvernia,
857 391 945 408 Johannis
959 391 981 408 de
995 392 1038 414 Dya,
1050 391 1135 414 Stephani

201 424 224 441 de
236 423 361 444 Calvomonte=
373 423 459 446 Stephani
470 423 492 440 de
502 424 594 446 Nogento,
604 423 695 446 Radulphi
707 423 795 444 Pinchon„
809 423 896 440 Johannis
910 423 932 441 de
944 424 1016 447 Coussy
1030 428 1047 441 et
1057 424 1136 441 Sellonis

202 457 225 475 de
239 458 296 474 Puteo
311 463 331 474 ae
346 457 424 480 plurium
441 456 517 474 aliorum
533 457 661 480 magistrorum
676 457 695 474 in
710 457 757 474 dicta
770 456 854 474 faculute
868 460 902 474 tam
915 457 1017 480 regentium
1031 464 1084 481 quarn
1099 464 1135 475 non

203 491 306 514 regentium
321 491 344 507 ad
361 490 394 507 hec
410 490 524 514 infrascripta
541 493 559 507 et
573 490 606 507 alia
623 493 784 514 congregatorum,
803 493 821 507 et
836 490 998 513 congregationem
1015 491 1063 508 dicte
1080 491 1136 508 laem>

201 524 242 541 tatis
254 524 343 541 medicine
352 524 458 545 tenentium,
467 524 562 547 ipsamque
571 523 672 541 facultatem
679 523 784 541 facientium
792 529 825 540 seu
836 524 1007 546 representantinm‚
1016 527 1036 540 ut
1046 524 1136 545 dicebant,

201 560 276 580 propter
286 557 319 574 hec
329 557 451 580 personaliter
461 557 572 574 constitutus
582 557 673 574 discretus
683 557 710 574 vir
720 556 807 580 magister
816 556 906 573 Alfonsus
915 556 938 573 de
948 556 1059 579 Portugalia,
1072 556 1137 574 bacba-

202 590 258 607 larius
268 590 287 607 in
297 590 394 611 medicina,
404 597 413 607 a
423 596 459 613 quo
470 591 518 607 inter
527 591 561 607 alia
571 596 604 614 per
613 591 721 613 magistrum
731 590 831 607 Johannern
842 590 885 613 Pipe
896 589 998 613 predictum
1008 595 1041 607 suo
1052 593 1069 606 et
1081 590 1137 607 facul-

202 624 242 640 tatis
257 624 329 640 nomine
344 624 420 647 petitum
434 624 498 645 extitit,
511 627 571 641 utrum
585 624 625 647 ipse
638 624 726 647 magister
738 624 826 641 Alfonsus
841 624 935 646 juraverat
950 628 1024 640 servare
1037 622 1136 643 libertates,

201 657 346 674 consuetudines
356 660 374 674 et
384 660 449 674 statuta
458 657 548 674 facultatis
559 657 649 674 medicine
660 657 769 680 supradicte.
781 657 810 674 Ad
821 663 856 680 que
870 657 966 680 respondit
977 657 1038 673 dictus
1051 656 1138 679 magister

201 690 290 707 Alsonsus
299 690 350 713 quod
359 690 398 713 ipse
407 691 499 713 juraverat
508 690 595 707 articulos
605 696 651 713 quos
662 691 864 713 consueveruntjurare
873 690 903 707 alii
912 690 1009 707 bachalarii
1019 690 1042 707 ad
1052 690 1137 707 lecturam

202 729 289 740 cursuum
299 723 375 740 admissi
385 723 403 739 in
414 723 498 740 facultate
508 723 598 740 medicine
608 723 718 746 supradicta.
729 724 799 740 Deinde
810 727 920 746 protestatus
933 723 968 740 fuit
978 723 1039 740 dictus
1052 723 1138 746 maff'ster

202 756 290 773 Alfonsus
299 756 350 779 quod
359 756 375 773 si
385 762 407 772 ex
416 755 487 772 lubrico
497 756 561 779 lingue
570 756 600 773 vel
610 762 632 773 ex
641 756 776 773 inadvertancia
786 760 816 773 aut
826 762 863 773 non
878 756 977 773 deliberate
992 756 1108 779 responderit
1117 756 1138 773 ad

203 789 301 812 petitiones
314 789 426 810 eorumdem,
440 789 489 812 quod
501 795 534 812 pro
547 795 583 806 nen
596 795 687 812 responso
699 789 792 810 habeatur,
806 789 854 806 dicto
867 789 954 812 magistro
966 789 1067 812 Reginaldc
1078 795 1111 806 suo
1122 793 1140 806 et

203 822 293 840 facultatis
308 822 398 840 medicine
413 822 487 839 nomine
503 822 520 839 in
538 822 648 839 contrarium
664 825 782 845 protestante*
801 823 846 839 Item
861 822 962 845 requisitus
980 822 1039 839 dictus
1053 823 1140 846 magister

203 856 292 873 Alfonsus
302 859 362 873 utrum
375 859 413 873 erat
425 859 540 879 presentatus
550 855 660 873 cancellarie
670 855 769 873 Parisiensi
782 862 815 878 pro
827 855 901 872 licentia
912 855 1011 873 obtinenda
1025 856 1043 872 in
1056 856 1139 873 facultate

203 889 294 907 medicine
308 895 312 906 z
326 889 423 912 respondit
439 889 487 912 qnod
505 889 545 912 ipse
562 892 600 906 erat
614 892 730 912 presentatus
747 889 855 906 cancellario
870 889 969 906 Parisiensi
987 895 1019 912 pru
1035 889 1108 906 licentia
1122 889 1139 905 in

203 922 287 940 facultate
296 922 496 941 medicinevobtinenda
507 922 529 939 ab
539 923 603 939 eodem
614 922 636 939 ad
646 926 750 945 requestam
761 922 829 939 domini
841 922 889 945 regis
901 922 1021 945 Portugafie',
1036 923 1066 945 qui
1081 922 1140 939 dictus

203 961 235 973 rex
244 961 277 979 pro
288 955 336 973 dicto
347 956 434 979 magistro
444 955 539 979 Alphonso
549 952 640 973 licentiam
653 955 730 979 petierat
740 955 776 972 sibi
788 955 826 972 dari
840 955 858 972 in
872 955 918 972 dicta
931 955 1014 972 facultate
1028 955 1118 972 medicine
1131 962 1140 972 a

203 988 311 1006 cancellario
322 989 421 1006 Parisiensi
431 992 537 1006 memorato.
548 989 615 1006 Dicens
631 989 684 1006 etiam
695 989 754 1006 dictus
764 989 851 1012 magister
860 988 968 1011 Alphonsus
978 989 1027 1012 quod
1037 989 1067 1006 die
1076 989 1140 1006 iinme-

203 1022 251 1039 diate
261 1022 347 1045 preterita
357 1022 376 1039 in
386 1022 432 1039 dicta
446 1022 589 1045 congregatione
599 1022 689 1039 facultatis
700 1022 740 1045 ipse
751 1022 798 1039 dicte
812 1022 891 1039 facultati
904 1022 995 1039 medicine
1007 1022 1141 1045 supplicaverat

203 1055 253 1078 qnod
267 1055 314 1072 dicta
329 1055 405 1072 facultas
417 1055 484 1072 faceret
502 1055 537 1072 sibi
553 1055 629 1078 gratiam
645 1061 701 1078 super
717 1055 790 1072 lieentia
807 1055 889 1072 habenda
908 1055 926 1072 in
946 1055 1031 1072 facultate
1050 1055 1140 1072 medicine

203 1092 307 1109 memorata,
316 1092 334 1105 et
342 1088 390 1111 quod
401 1094 448 1105 unus
458 1089 546 1111 magister
555 1089 603 1105 dicte
613 1089 703 1105 faculffltis
713 1088 779 1106 dictam
789 1088 947 1111 supplicationem,
956 1095 992 1111 que
1002 1089 1084 1111 graciosa
1095 1092 1138 1109 erat„

203 1122 306 1139 intervenit.
321 1122 343 1138 Et
353 1128 392 1139 cunt
406 1122 440 1138 hoc
452 1121 524 1139 dicebat
537 1122 586 1144 quod
597 1121 688 1139 obtulerat
697 1127 757 1138 corani
771 1122 811 1145 ipsa
824 1122 909 1139 facultate
924 1128 944 1139 ea
957 1122 1017 1139 faeere
1033 1128 1067 1144 que
1080 1122 1139 1138 facere

203 1155 311 1172 tenebantur
321 1155 418 1172 bachalarii
429 1155 448 1171 in
457 1155 541 1172 facultate
552 1155 641 1172 medicine
652 1155 759 1172 licentiandi
769 1161 813 1178 erga
822 1155 924 1172 facultatem
935 1155 1041 1178 predictam,
1053 1158 1071 1172 et
1081 1155 1139 1172 adhuc

203 1188 291 1205 offerebat
300 1194 321 1205 ea
331 1194 351 1205 se
360 1188 448 1205 facturum
459 1194 519 1205 coram
530 1188 613 1205 facultate
624 1188 711 1211 predicta.
723 1188 793 1210 Quibus
804 1188 870 1205 oblatis
883 1188 943 1205 dictus
952 1188 1040 1211 magister
1051 1188 1139 1205 Alfonsus

202 1222 248 1243 dixit
258 1222 304 1239 dicte
317 1222 396 1239 facultati
411 1222 467 1244 quod,
478 1222 519 1245 quia
530 1221 589 1239 dictus
600 1221 685 1239 dominus
699 1227 730 1238 rex
744 1221 848 1245 Portugalie
862 1228 894 1244 pro
909 1221 949 1244 ipso
965 1225 1061 1245 rogaverat
1073 1222 1137 1239 dictam

202 1255 303 1273 facultatem
315 1255 358 1272 dare
367 1255 458 1272 licentiam
469 1255 487 1272 in
498 1255 545 1272 dicta
555 1255 639 1272 facultate
654 1255 752 1276 medicine„
762 1255 785 1272 ad
797 1261 861 1278 preces
876 1255 919 1272 dicti
932 1255 1001 1272 domini
1015 1255 1064 1278 regis
1074 1255 1138 1272 Portu-

202 1288 249 1311 galie
263 1288 302 1310 ipse
315 1288 393 1305 libenter
405 1288 494 1311 acciperet
508 1291 526 1305 et
540 1288 631 1311 reciperet
643 1288 734 1305 licentiam
749 1288 766 1305 in
780 1288 826 1305 dicta
839 1288 922 1305 facultate
935 1291 1057 1305 memoratam.
1070 1288 1137 1305 Dicens

203 1321 256 1338 etiarn
266 1321 354 1344 magister
362 1321 451 1338 Alfonsus
460 1321 510 1345 quod
519 1321 541 1338 ad
552 1321 619 1338 dictum
630 1321 758 1338 cancellarium
774 1321 895 1339 Parisiensem
908 1322 966 1339 fuerat
977 1325 1093 1344 presentatus
1105 1327 1137 1344 per

202 1354 308 1378 magistrum
322 1355 394 1371 Petrum
406 1354 428 1371 de
439 1355 502 1378 Capite
515 1355 600 1376 Stannoss
614 1355 721 1378 magistrum
730 1355 750 1371 in
762 1354 858 1376 medicina,
874 1361 907 1378 pro
921 1354 995 1372 licentia
1007 1354 1104 1372 obtinenda
1119 1354 1137 1371 in

202 1388 265 1405 eadem
274 1388 359 1405 facultate
369 1388 391 1405 ad
401 1394 466 1411 preces
476 1388 544 1405 domini
555 1388 604 1411 reff's
614 1388 720 1411 Portugalie
730 1388 829 1405 memorati.

246 1421 318 1443 Quibus
327 1421 394 1438 auditis
405 1421 558 1444 responsionibus
568 1424 586 1438 et
596 1421 745 1438 confessionibus
757 1427 790 1444 per
802 1421 870 1438 dictum
883 1421 989 1444 magistrum
1002 1421 1097 1438 Alfonsuin
1110 1422 1136 1438 sic

201 1454 260 1476 factis,
270 1454 330 1471 dictus
341 1454 427 1477 magister
437 1454 502 1471 Petrus
512 1454 535 1470 de
544 1453 631 1471 Alvernia
640 1457 684 1471 tunc
694 1454 739 1471 dixit
749 1459 783 1471 suo
793 1457 811 1471 et
821 1454 868 1471 dicte
880 1454 970 1471 facultatis
983 1460 1016 1471 sue
1027 1454 1106 1474 nomine,
1117 1457 1136 1470 ut

202 1487 280 1509 dicebat,
295 1487 345 1510 quod
359 1487 401 1510 quia
414 1487 509 1504 constabat
522 1487 570 1504 dicte
584 1486 664 1504 facultati
677 1487 767 1504 medicine
781 1487 847 1504 auditis
865 1487 1017 1510 responsionibus
1033 1491 1051 1504 et
1065 1487 1136 1504 confes-
