1308 1835
212 212 259 231 1331]
410 219 434 230 AB
450 220 503 231 Auno
520 220 637 231 uccixxxvi
654 219 720 234 usqne
738 219 763 230 in
779 218 848 230 ‘nuum
865 217 936 229 mecm„
1111 215 1143 232 367

211 255 285 272 eosdem
295 256 380 272 dominos
391 261 441 272 meos
451 262 484 278 per
494 256 553 273 dictos
563 254 699 273 commissarios
708 256 731 273 ad
741 256 847 273 instanciam
858 255 947 272 dictorum
957 254 1086 278 appellantium
1097 256 1145 273 mul-

211 289 296 311 tipliciter
307 287 431 312 pergravatus,
442 289 507 306 timens
519 289 570 306 etiam
582 295 603 306 ex
611 289 647 306 hiis
657 293 675 306 et
684 289 724 306 aliis
734 289 865 307 verisimilibus
873 292 892 306 et
899 289 1025 312 probabilibus
1033 289 1144 312 conjecturis

211 328 239 339 me
250 325 268 339 et
278 322 370 345 predictos
380 322 465 339 dominos
474 328 525 339 meos
535 328 590 345 posse
598 328 630 345 per
638 323 688 345 ipsos
696 323 833 340 commissarios
841 323 934 345 predictos
942 322 1021 345 aliquem
1030 328 1063 339 seu
1074 322 1145 345 aliquos

210 355 291 377 ipsorum
303 355 381 372 de'sacto
393 355 470 372 ulterius
480 355 591 378 pergravari,
602 358 664 372 contra
675 355 768 378 predictos
777 356 913 373 commissarios
923 356 1027 379 dictumque
1037 355 1144 379 magistrum

211 388 283 405 Petrum
291 388 314 405 de
324 388 387 411 Capite
395 388 463 405 Stanno
470 391 489 405 et
498 391 560 405 contra
570 388 678 411 magistrum
685 388 781 405 Alfensum
793 392 810 405 et
820 392 882 405 eontra
893 395 957 406 omnes
969 389 1017 406 alios
1029 395 1077 412 quos
1089 394 1146 412 nego-

211 421 255 438 tium
263 427 342 444 presens
351 421 409 444 tangit
419 424 437 438 et
443 424 520 444 tangere
530 421 617 444 poterit„
625 421 645 438 in
654 421 690 438 hiis
703 421 777 444 scriptis
790 420 812 438 ad
827 421 889 438 sedem
904 422 1021 445 apostolicam
1035 428 1115 445 provoco
1128 425 1146 439 et

211 455 289 478 appello,
301 461 408 478 supponens
417 460 446 471 me
457 454 531 472 nomine
541 460 577 478 quo
588 460 643 478 supra
653 457 671 471 et
681 454 766 472 dominos
775 460 828 472 meos
837 455 930 478 predictos
940 458 958 472 et
967 455 1032 472 dictam
1043 455 1145 472 facultatem

212 492 291 505 nostram
300 488 391 505 medinine
399 491 416 505 et
427 488 480 505 nobis
490 488 600 505 adherentes
610 491 628 505 et
638 487 726 505 adherere
736 487 819 505 volentes
830 488 847 505 in
860 488 940 505 futurum
951 492 969 505 et
979 492 1044 505 statum
1055 495 1115 505 meum
1129 492 1146 505 et

212 522 263 539 etiam
276 522 391 538 dominorum
402 527 483 539 meorum
492 522 615 545 predictorum
624 525 642 538 et
650 521 741 538 facultatis
752 525 814 538 nostre
827 521 908 544 predicte
921 524 939 538 et
953 521 1007 538 nobis
1020 522 1146 539 adherentium

213 558 230 572 et
237 555 325 572 adherere
336 555 436 572 volentium
443 555 463 572 iu
470 556 551 572 futurum
561 555 671 578 protectioni
681 558 742 572 sancte
752 555 802 572 sedis
813 561 843 571 »m

256 589 295 611 Qua
307 589 429 612 appellatione
441 595 473 606 seu
485 589 614 612 provocatione
626 589 653 606 sic
667 589 762 611 interjecta
777 588 826 605 idem
838 592 898 605 rector
911 588 1008 611 respondit
1022 588 1071 610 quod
1081 588 1146 605 dictam

213 622 352 644 appellationem
363 628 395 639 seu
403 622 551 645 provocationem
561 622 648 645 prolecta
657 622 736 638 habebat
746 625 764 638 et
773 622 819 638 infra
830 625 900 644 tempus
914 627 924 638 a
933 621 976 644 jure
989 624 1075 638 statutum
1088 621 1147 638 eidem

213 655 306 677 apostolos
316 655 426 672 concederet
436 661 492 678 super
499 655 538 678 ipsa
550 655 594 672 tales
602 655 665 678 quales
674 655 696 672 de
704 655 746 678 jure
755 655 798 672 dare
808 655 890 676 deberet⁷
901 654 1019 678 presentibus
1030 654 1052 671 ad
1066 654 1100 671 hee
1111 654 1148 671 dis-

213 688 268 705 cretis
276 688 320 705 viris
327 687 410 705 Johanne
421 688 442 705 de
453 689 537 710 Deserto,
547 689 625 711 Syrnone
635 688 658 705 de
668 689 745 705 Deserto
756 691 774 705 et
782 686 865 705 Iohanne
875 688 898 705 de
906 688 972 705 Hersin
983 688 1061 709 cleficis,
1070 687 1148 705 testibus

213 721 235 738 ad
246 721 279 738 hec
288 721 358 738 vocatis
369 724 386 738 et
394 721 469 743 rogatis*

257 754 328 771 Deinde
338 760 381 771 vero
393 754 444 777 quasi
452 754 573 771 incontinenti
582 754 641 772 dictus
651 755 739 778 magister
746 755 838 772 Johannes
848 755 893 778 Pipe
903 759 1010 778 procurator
1024 754 1114 772 accedens
1126 754 1148 772 ad

214 787 287 805 domum
298 788 373 805 discreti
383 791 401 805 et
409 787 520 805 venerabilis
530 787 564 805 viri
572 788 655 811 magistri
665 788 760 805 Guillelmi
770 788 792 805 de
805 788 928 811 Foulqueuse,
941 788 1019 811 predicti
1034 788 1117 811 magistri
1130 788 1148 805 in

214 821 299 842 decretis,
311 824 328 838 et
338 821 390 844 petiit
403 827 412 838 a
424 821 491 838 familia
501 821 549 838 dicte
562 820 627 838 domus
643 824 703 838 utrum
716 821 776 838 dietus
790 821 877 844 magister
890 821 1000 838 Guillelmus
1014 825 1056 838 tunc
1067 825 1117 838 esset
1130 822 1148 838 in

215 854 262 871 dicta
272 854 325 871 domo
337 860 375 871 sua.
391 854 425 871 Cui
435 860 468 877 per
480 854 546 871 dictam
560 854 645 871 familiam
659 860 769 877 responsum
783 854 842 871 extitit
855 854 904 877 quod
915 854 955 877 ipse
969 857 1013 871 tunc
1027 860 1063 871 non
1079 858 1116 871 erat
1129 855 1148 871 in

215 888 268 905 domo
279 893 317 905 sua.
330 888 352 904 Et
361 891 399 904 tum
410 887 449 910 ipse
459 888 546 911 magister
559 887 651 904 Johannes
662 891 770 910 procurator
782 893 818 910 quo
834 893 888 910 supra
900 888 975 904 nomine
990 888 1035 904 dixit
1048 888 1097 911 quod
1109 888 1148 911 ipse

215 921 283 938 ibidem
293 924 368 938 venerat
377 921 400 938 ad
409 921 530 938 intimandum
540 924 558 938 et
569 921 699 938 insinuandum
711 921 746 938 sibi
756 921 896 944 appellationem
906 927 938 938 seu
953 921 1099 944 provocationem
1110 927 1150 944 pre-

216 954 287 975 dictam,
299 958 317 971 et
327 955 403 971 eandem
414 958 501 977 quantum
512 957 584 977 poterat
590 954 695 971 insinuabat
705 957 722 971 et
730 954 824 971 intimabat
833 957 851 971 et
860 954 954 977 apostolos
964 954 1037 977 petebat
1048 958 1103 977 prout
1113 958 1151 971 erat

217 987 252 1005 sihi
262 987 352 1010 possibile
362 988 384 1004 ab
392 988 464 1009 eodem,
474 991 579 1010 protestans
590 988 639 1010 quod
649 988 708 1010 ipsius
718 988 803 1005 absencia
813 988 849 1005 sibi
864 994 900 1011 quo
915 993 969 1011 supra
983 988 1057 1005 nomine
1072 988 1150 1011 prejudi-

217 1021 263 1037 cium
275 1021 304 1038 vel
314 1021 411 1043 dampnum
422 1027 459 1037 non
469 1021 538 1042 afferet,
547 1021 664 1043 presentibus
675 1021 697 1037 ad
707 1021 741 1038 hee
750 1021 835 1038 discretis
849 1021 894 1038 viris
908 1021 983 1038 domino
997 1021 1054 1038 David
1066 1021 1089 1038 de
1102 1021 1151 1038 Μίαν*

217 1057 235 1070 et
249 1054 323 1070 domino
335 1053 416 1071 Johanne
432 1054 454 1070 de
466 1054 570 1071 Conventre
582 1054 648 1075 Scotis,
658 1054 760 1071 scolaribus
770 1045 912 1075 Parisiensibus‚
923 1060 943 1071 ac
956 1054 1038 1071 Iohanne
1051 1054 1074 1071 de
1085 1054 1151 1071 Hersin

218 1087 298 1108 clericis,
309 1087 387 1104 testibus
398 1087 419 1104 ad
430 1087 464 1103 hec
474 1087 543 1104 vocatis
554 1090 571 1104 et
581 1087 656 1110 rogatis*

262 1120 334 1137 Deinde
343 1126 387 1138 vero
397 1120 444 1137 idem
453 1120 540 1143 magister
550 1120 642 1137 Johannes
653 1124 760 1143 procurator
770 1120 792 1137 ad
802 1120 874 1137 domum
885 1120 983 1138 scolarium
994 1120 1091 1137 Narbonue
1102 1121 1152 1137 Pari-

219 1154 257 1171 sius
268 1153 390 1177 personaliter
400 1154 489 1171 accedens
500 1154 519 1170 in
529 1153 569 1171 vico
579 1154 633 1171 Porte
644 1154 719 1175 Inferni,
730 1154 749 1170 in
759 1160 794 1177 qua
805 1157 898 1171 morantur
908 1157 927 1171 et
936 1154 1003 1171 morari
1018 1157 1154 1171 consueverunt

219 1187 262 1204 dicti
270 1187 353 1210 magistri
362 1187 447 1204 Germani
458 1187 515 1204 Celati
526 1187 590 1204 doctor
597 1187 616 1204 in
624 1187 717 1210 theologia
726 1191 745 1204 et
751 1187 818 1204 Paulus
827 1188 849 1204 de
857 1187 941 1204 'Narbona
952 1187 1031 1205 nationis
1042 1187 1152 1204 Gallicorum

219 1221 238 1237 in
249 1221 332 1237 facultate
344 1221 409 1237 artium
422 1224 515 1244 regentes,
526 1224 543 1237 et
554 1221 605 1243 petiit
620 1227 629 1237 a
642 1221 709 1237 familia
721 1221 786 1237 domus
797 1224 857 1237 utrum
868 1221 910 1237 dicti
925 1220 1007 1244 magistri
1020 1221 1122 1238 Germanus
1137 1224 1155 1238 et

220 1253 286 1271 Paulus
294 1257 338 1271 tunc
346 1257 409 1271 essent
416 1254 435 1270 in
445 1254 493 1271 dicta
500 1254 561 1271 domo.
572 1254 607 1271 Cui
618 1254 671 1271 etiam
682 1260 790 1277 responsum
802 1254 837 1271 fuit
846 1255 895 1277 quod
905 1260 941 1271 non
952 1257 1008 1271 erant*
1018 1254 1040 1271 Et
1049 1257 1087 1271 tum
1095 1254 1154 1271 dictus

220 1287 308 1310 magister
315 1287 407 1304 suham-es
417 1287 463 1304 dixit
472 1287 520 1304 dicte
529 1287 597 1304 familie
607 1287 656 1310 quod
666 1288 706 1311 ipse
716 1290 791 1305 venerat
800 1287 825 1304 ibi
836 1287 858 1304 ad
867 1287 997 1304 insinuandum
1007 1291 1026 1304 et
1036 1287 1154 1304 intimandum

221 1320 290 1337 eisdem
301 1320 441 1343 appellationem
454 1326 487 1337 seu
497 1321 645 1343 provocationem
656 1321 783 1343 predictamma
798 1321 914 1343 presentibus
929 1321 951 1337 ad
964 1320 998 1337 hec
1013 1321 1097 1338 discretis
1112 1320 1155 1338 viris

221 1354 309 1377 magistro
316 1354 399 1371 Iohanne
409 1354 432 1370 de
442 1354 488 1370 Bion
496 1354 604 1377 jurisperito
613 1357 630 1371 et
639 1354 722 1371 Johanne
730 1354 753 1371 de
763 1354 829 1371 Hersin
837 1354 916 1375 clericis,
927 1354 1005 1371 testibus
1015 1354 1037 1371 ad
1045 1354 1078 1371 hec
1087 1354 1156 1371 vocatis

222 1389 240 1403 et
250 1387 325 1410 rogatis.

267 1421 290 1437 Et
299 1420 323 1437 ab.
332 1420 375 1437 inde
382 1420 459 1437 veniens
469 1421 521 1443 quasi
533 1421 580 1437 cirea
593 1420 655 1437 horam
671 1421 788 1437 meridianam
802 1421 883 1443 ejusdem
899 1421 935 1437 diei
948 1421 1007 1438 dictus
1019 1424 1125 1443 procurator
1135 1421 1157 1437 ad

224 1452 298 1470 domum
308 1454 383 1470 discreti
393 1453 428 1470 viri
438 1453 520 1476 magistri
531 1453 600 1470 Thome
610 1453 684 1476 Anglici
694 1454 713 1470 in
723 1459 789 1476 magno
800 1454 840 1470 vico
848 1454 908 1470 Sancti
918 1454 980 1470 Jacobi
991 1454 1012 1470 ad
1021 1454 1079 1476 Caput
1085 1453 1158 1476 nigrum

224 1490 242 1503 et
253 1487 317 1504 eodem
328 1487 416 1510 magistro
426 1486 495 1504 Thoma
504 1483 578 1510 Anglici
587 1487 708 1509 personaliter
718 1487 792 1504 invento
803 1487 868 1503 dictam
878 1487 1026 1509 provocationem
1036 1492 1068 1503 seu
1080 1486 1158 1509 appella-
