1308 1835
213 203 260 222 1331]
350 204 352 206 ’
414 210 438 221 ΛΒ
455 210 507 221 nmo
525 209 643 221 ncczxxxvr
659 209 725 224 usqum
742 209 767 220 ,tn
781 208 851 220 artum
868 208 939 219 necor..
1112 206 1146 223 389

212 246 264 263 etiam
279 245 382 263 cancellarii
395 247 471 269 ejusque
481 247 577 269 potestatis
588 246 705 269 vituperium,
713 246 798 270 injuriam
809 250 828 263 et
839 248 961 269 contemptum
972 245 995 262 de
1007 246 1060 267 factov
1070 252 1110 263 cum
1122 247 1145 264 de

210 279 251 301 jure
259 285 296 296 non
305 282 386 302 possent.
395 279 512 302 privaverunt
522 279 638 302 privatosque
648 279 670 296 ab
679 285 742 296 eorum
751 279 844 296 consortio
853 279 941 302 injuriose
953 278 1022 302 pluries
1032 278 1144 301 dejecerunt

256 313 308 333 Item,
318 312 369 335 quod
378 312 422 329 dicti
432 312 458 329 rei
473 318 528 335 supra
538 312 632 333 nominati,
644 316 739 335 postquam
753 313 776 329 ad
785 313 911 335 magistratum
922 312 968 329 dicte
981 312 1071 329 facultatis
1081 318 1145 335 perve-

212 349 283 366 nerunt,
292 345 311 362 in
321 345 369 362 dicta
379 345 501 362 Universitate
509 351 546 362 non
554 344 639 367 legerunt
647 351 680 362 nec
688 345 834 368 disputaverunt,
842 349 897 368 prout
904 346 1019 367 tenebantur,
1026 351 1059 368 per
1067 345 1145 369 spatium

212 378 299 401 temporis
310 378 415 401 supradicti„
427 378 470 401 quin
481 378 518 395 imo
527 378 562 395 hoc
572 378 631 395 facere
642 378 772 395 contumaciter
781 382 896 400 recusarunt,
906 379 956 396 nulla
965 385 1022 402 super
1030 379 1065 396 hoc
1076 385 1085 395 a
1097 379 1145 396 dicto

211 412 319 429 cancellario
335 411 390 434 petita
402 411 475 428 licentia
487 411 514 428 vel
525 411 603 428 obtenta*
617 412 669 432 Item,
682 411 718 428 hiis
732 411 806 428 minime
820 412 900 429 contenti
915 412 1067 435 conspirationem
1083 415 1145 429 contra

211 445 280 462 dictum
294 444 422 462 cancellarium
434 445 520 467 juraque,
534 444 685 465 consuetudines,
701 444 808 461 franchisias
822 450 841 461 ac
861 444 954 462 libertates
968 445 1017 462 dicte
1031 445 1146 466 cancellarie,

211 484 256 501 quas
266 478 372 499 observare⁷
382 481 403 495 ut
412 478 529 501 premittitur,
537 478 652 501 juraverunt,
662 478 748 499 inierunt,
760 484 780 495 se
787 478 892 500 juramento
901 478 944 495 licet
954 478 1017 495 illicite
1027 478 1145 501 astringendo

212 512 234 529 de
244 511 370 535 impugnando
377 511 426 534 jura,
436 511 530 529 libertates
541 515 559 529 et
568 511 691 529 immunitates
701 511 808 528 cancellarie
821 517 865 534 sepe
874 511 928 532 dicte7
940 514 958 528 et
967 517 1004 528 non
1015 511 1073 528 solum
1084 511 1144 534 quoad

212 545 328 568 semetipsos,
340 545 373 562 sed
382 545 436 562 etiam
446 545 519 568 [quoad]
528 545 640 562 baccalarios
652 551 672 562 ac
683 544 764 562 scolares
775 544 866 562 facultatis
878 544 966 567 predicte⁷
981 544 1085 561 inducendo
1097 550 1145 561 nune

212 578 305 601 precibus,
318 584 367 595 nunc
381 578 436 595 minis
451 582 469 595 et
484 578 592 599 terroribus,
606 581 625 595 ut
640 581 703 595 essent
715 577 814 601 complices
828 581 845 595 et
859 577 956 601 participes
970 577 1145 599 conventicularum,

212 611 368 634 conspirationum
387 615 405 628 et
421 612 551 634 allegationum
568 611 689 634 predictarum
708 615 771 628 contra
785 611 912 628 cancellarium
929 610 1047 631 antedictum„
1064 610 1145 634 alioquin

212 644 281 661 eisdem
291 644 399 661 baccalariis
408 648 427 661 et
436 644 538 661 scolaribus
549 645 653 661 intimantes
668 645 716 668 quod
727 645 777 667 ipsos
787 644 810 661 ad
820 644 897 667 aliquam
908 644 927 661 in
936 644 984 661 dicta
991 643 1075 661 facultate
1083 649 1146 666 prero-

212 677 289 700 gativam
304 677 408 694 nullatenus
423 680 552 700 promoverent
561 683 593 694 seu
608 678 688 694 facerent
702 684 815 701 promovere,
831 681 848 694 et
863 678 911 700 quod
927 677 986 694 dictos
1001 676 1112 694 baccalarios
1129 680 1147 694 et

212 710 298 730 scolares.
309 709 324 727 si
336 710 446 727 contrarium
456 710 543 731 facerent,
554 710 646 733 privarent
655 711 748 727 consortio
759 711 871 731 eorumdem,
882 710 1007 727 subtrahendo
1017 710 1146 727 nichilominus

211 743 322 764 baccalariis„
338 743 417 766 prefatos
433 748 505 760 errores
519 743 600 766 ipsorum
614 749 685 767 reorum
700 747 748 760 metu
762 744 836 766 perjurii
852 744 904 766 sequi
918 743 1052 765 recusantibus,
1066 743 1146 760 scolares

212 782 256 793 suos
266 780 284 793 et
293 776 347 793 etiam
358 776 480 797 commitit-ias,
492 779 509 793 et
523 776 592 793 eisdem
603 776 711 797 scolaribus,
722 776 739 793 si
748 777 859 793 contrarium
868 777 951 798 fecerint,
962 777 1020 794 minas
1029 777 1146 794 multimodas

211 810 314 831 inferendo,
337 809 437 826 inhibendo
459 809 589 826 nichilominus
610 809 687 826 bedellis
707 809 796 826 facultatis
813 816 846 826 sue
863 816 885 826 ne
902 810 984 833 ipsorum
1004 809 1145 827 haccalariorum

211 843 300 860 lectiones
312 843 408 866 publicent
416 849 467 860 more
482 843 536 860 solito
550 843 580 859 vel
593 843 712 865 proclament.
728 843 750 859 Et
764 843 839 865 insuper
852 843 870 859 in
887 843 968 860 fraudem
984 843 1027 860 dicti
1043 843 1146 860 cancellarii

212 876 288 899 ejusque
296 876 366 898 jurium
381 879 400 893 et
411 876 515 893 libertatum
528 875 650 899 predictarum
665 876 739 893 cedulas
753 876 800 898 ipsis
813 875 927 897 baccalariis,
941 876 972 899 qui
986 876 1014 893 eis
1027 876 1144 897 adherebant,

212 909 260 932 quod
275 909 370 932 prolixiori
385 912 466 932 tempore
479 909 563 932 legerent
576 915 628 932 quam
644 909 734 932 legissent
746 909 871 930 concedendo,
890 912 907 926 et
921 909 962 926 aliis
975 909 1002 926 eis
1020 909 1145 932 obtemperare

212 942 340 959 recusantibus
350 946 426 965 propter
435 946 502 959 metum
513 943 595 965 perjurii,
606 946 626 959 ut
639 943 736 965 prefertur,
746 942 820 960 cedulas
830 942 899 959 lecture
909 942 966 959 debiti
977 943 1064 965 temporis
1075 943 1145 960 tradere

211 976 326 998 denegando,
338 976 357 992 in
367 976 447 992 fraudem
459 976 502 992 dicti
512 976 616 992 cancellarii
626 979 645 992 et
654 976 814 993 examinandorum
824 975 965 993 baccalariorum
977 976 995 992 in
1009 976 1092 993 facultate
1105 982 1146 999 pre-

212 1008 265 1025 dicm.
280 1009 324 1025 Item
341 1014 362 1025 ex
375 1008 412 1025 odii
428 1009 489 1026 fomite
503 1009 589 1025 commoti
599 1009 635 1025 nisi
648 1009 717 1025 suerint
730 1009 773 1026 dicti
782 1009 811 1026 rei·
824 1009 842 1026 in
857 1015 894 1025 nou
904 1009 993 1025 modicam
1007 1009 1145 1025 diminutionem

211 1041 307 1064 potestatis
317 1041 361 1058 dicti
371 1041 473 1058 cancellarii
484 1041 538 1059 alium
550 1047 583 1064 pro
596 1047 651 1064 posse
661 1042 758 1064 impetrare
771 1042 906 1059 distributorem
921 1048 954 1058 seu
966 1042 1111 1059 commissarium
1123 1042 1146 1059 ad

211 1074 230 1092 in
241 1074 287 1091 dicta
301 1074 385 1091 faculmte
399 1074 515 1091 licentiandis
525 1075 608 1091 licentias
621 1075 755 1096 concedendas,
766 1081 799 1092 nec
809 1081 845 1092 non
860 1078 877 1092 et
887 1078 952 1092 statuta
961 1075 1021 1092 facere
1031 1081 1066 1097 que
1077 1075 1145 1092 directe

212 1111 255 1125 sunt
270 1111 333 1125 contra
349 1111 455 1131 potestates,
470 1108 564 1125 libertates
578 1111 595 1125 et
608 1108 716 1125 sranchisias
729 1108 832 1125 cancellarii
846 1111 864 1125 et
879 1108 987 1125 cancellarie
1004 1108 1101 1129 antedicte,
1118 1108 1146 1124 sic

212 1144 319 1164 potestatem
331 1141 374 1158 dieti
384 1141 488 1158 cancellarii
498 1147 534 1158 non
545 1141 616 1158 modice
626 1141 729 1164 deprimere
740 1141 858 1158 intendendo.

256 1175 308 1196 Item,
321 1175 372 1197 quod
385 1174 462 1197 predicti
476 1174 502 1191 rei
513 1178 531 1192 et
545 1174 649 1198 specialiter
662 1175 745 1198 magistri
760 1180 814 1198 supra
828 1174 915 1192 nominati
927 1174 1012 1197 requisiti
1026 1174 1096 1197 pluries
1111 1174 1145 1191 hoc

211 1213 258 1225 anno
269 1211 355 1231 presente
366 1214 387 1225 ex
397 1211 446 1231 parte
458 1208 501 1225 dicti
513 1208 617 1225 cancellarii
626 1208 667 1225 loco
677 1211 695 1225 et
705 1212 785 1231 tempore
799 1208 886 1231 congruis
900 1211 918 1225 et
930 1208 984 1225 etiam
998 1207 1145 1231 competentibus

211 1240 305 1264 sigillatim
318 1241 424 1258 nominatim
438 1241 488 1258 etin
501 1241 598 1262 communi,
610 1245 629 1258 ut
643 1242 678 1264 ipsi
687 1244 813 1264 comparerent
827 1247 886 1258 coram
902 1241 950 1258 dicto
965 1240 1074 1258 cancellario
1089 1245 1143 1264 prout

211 1274 320 1291 tenebantur
330 1274 349 1291 in
359 1274 426 1291 virtute
436 1280 510 1291 suorum
524 1275 669 1297 juramentorum
683 1275 706 1291 ad
718 1274 851 1297 perhibendum
867 1268 991 1291 testimonium
1006 1269 1065 1297 super·
1076 1275 1145 1297 prefato

211 1308 299 1331 magistro
313 1307 409 1331 Alphouso
425 1308 446 1325 de
457 1308 543 1331 Hispania
559 1311 601 1325 tunc
615 1308 715 1325 baccalario
729 1308 840 1325 licentjaudo
853 1308 872 1325 iu
886 1308 966 1331 predicta
977 1308 1067 1329 facultate,
1082 1308 1145 1325 venire

211 1341 342 1358 contumaciter
352 1344 460 1358 recusarunt
465 1342 476 1357 ⁷>

254 1374 283 1391 Sic
293 1374 314 1391 in
325 1374 421 1397 premissis
432 1374 517 1392 omnibus
527 1378 545 1392 et
555 1374 633 1398 singulis
644 1375 662 1391 in
673 1374 732 1397 ipsum
743 1374 869 1401 cancellarium
880 1376 957 1397 ejusque
964 1375 1006 1398 jura
1020 1374 1146 1398 multipliciter·

211 1407 336 1430 delinquendo
344 1411 449 1430 reatumque
458 1408 533 1430 perjurii
541 1407 666 1430 multiplieiter
674 1407 784 1424 incurrendo
793 1399 917 1431 premissaque
926 1408 1053 1431 perpetrando,
1060 1401 1143 1425 faciendo

211 1443 229 1458 et
239 1441 355 1464 procurando
366 1441 385 1458 in
395 1441 454 1464 ipsius
465 1441 567 1458 cancellarii
578 1441 655 1463 ejusque
662 1440 739 1463 jurium,
750 1438 858 1463 potestatum
868 1444 886 1458 et
895 1440 999 1458 libertatum
1009 1441 1143 1461 coutumeliam,

210 1474 303 1496 injuriam,
320 1474 431 1497 vituperium
442 1474 464 1496 {et
479 1474 591 1497 despectum,
609 1479 654 1496 quas
671 1473 747 1496 injurias
764 1473 812 1490 'idem
829 1473 947 1491 cancellarius
961 1477 1012 1490 actor
1024 1474 1046 1490 ad
1064 1473 1142 1490 animum
