1308 1835
204 204 252 223 1330]
404 212 428 222 ΑΒ
445 212 498 223 ,ωηο
515 212 633 223 ncczxxxw
649 211 715 226 usque
732 211 757 222 an
773 209 843 222 Annuit
860 209 931 222 necet.
1104 208 1136 226 351

203 251 307 265 vocatorum
323 251 340 264 et
356 251 460 270 rogatorum
476 248 568 271 presentia
581 248 703 271 personaliter
720 248 830 265 constitutus
844 247 873 264 vir
886 247 997 265 venerabilis
1012 251 1030 264 et
1046 248 1137 266 discretus

204 281 290 304 magister
299 280 394 303 Philippus
405 281 427 297 de
437 281 498 302 Curia,
507 284 547 297 actu
557 287 625 303 regens
635 284 653 297 et
663 281 742 298 decanus
753 281 771 297 in
781 280 864 298 facultate
876 280 965 298 medicine
973 280 1079 302 Parisiensi,
1087 287 1137 297 asse-

203 314 239 331 ruit
253 317 271 330 et
285 314 370 337 exposuit
386 313 454 330 ibidem
471 319 575 330 sermonem
587 319 641 330 suum
653 314 690 337 ipsi
702 314 776 331 domino
789 314 897 331 cancellario
910 314 1008 337 dirigendo
1019 319 1023 330 z
1038 321 1046 329 α
1060 313 1137 330 Domine

203 346 317 368 cancellarie,
332 347 432 364 reverende
446 347 540 370 magister,
553 346 598 363 alias
612 353 646 369 ego
662 353 702 364 meo
716 350 734 364 et
747 347 805 370 ipsius
819 347 909 365 facultatis
921 347 1012 365 medicine
1024 353 1044 364 ac
1057 347 1137 364 omnium

203 380 332 403 magistrorum
345 380 427 403 ejusdem
438 380 493 397 michi
504 380 629 397 adherentium
644 383 664 397 et
676 380 765 397 adherere
782 380 881 397 volentium
896 381 977 402 nomine,
992 387 1002 398 a
1015 380 1069 398 vobis
1083 384 1101 397 et
1115 380 1138 397 ab

203 413 298 430 audiencia
310 416 371 430 vestra
387 419 409 429 ex
422 413 478 430 certis
492 413 553 430 causis
564 416 582 429 et
593 412 729 436 gravaminibus
742 419 752 430 a
764 413 818 430 vobis
831 416 851 430 et
863 419 895 436 per
905 419 938 430 vos
950 413 1005 431 nobis
1016 413 1110 437 magistris
1120 416 1137 430 et

202 446 282 464 facultati
295 446 387 464 medicine
399 449 463 464 nostre
473 446 528 464 illatis
539 449 556 463 et
566 446 617 463 sactis
627 446 717 469 appellavi
727 451 760 463 seu
770 446 875 469 provocavi,
884 449 949 469 petens
961 452 1017 469 super
1027 447 1066 470 ipsa
1076 446 1138 470 appel-

203 480 270 497 latione
279 479 333 497 vobis
343 480 389 497 lecta
399 483 423 501 et,
435 480 503 497 dudum
514 483 548 501 est,
556 480 653 501 insinuata,
665 480 759 502 apostolos
768 485 778 497 a
788 480 841 497 vohis
851 479 906 496 michi
916 480 961 501 dari,
972 477 1019 502 q'uos
1030 480 1084 497 michi
1095 480 1137 497 dare

203 513 314 536 promisistis
327 516 346 530 et
357 519 394 530 non
408 513 492 534 dedistis,
503 513 536 530 sed
548 513 591 530 dare
604 513 702 530 distulistis
714 516 733 530 et
744 513 829 534 differtis,
843 513 885 530 ideo
899 513 922 530 ob
932 513 967 530 hoc
980 513 1045 530 iterum
1059 513 1138 539 appella-—

203 547 248 563 tioni
259 552 298 563 mee
310 547 376 563 fortius
389 547 493 564 adherendo
507 552 540 564 vos
551 547 646 568 instanter,
659 546 762 567 insmntius,
773 546 906 563 instantissime
919 546 993 569 requiro
1004 545 1071 568 quibus
1083 552 1138 569 supra

204 580 315 602 nominibus,
331 583 417 603 quantum
432 586 508 603 possum
518 583 537 597 et
546 580 611 601 debeo,
623 583 712 603 quatenus
725 579 780 597 michi
792 579 886 603 apostolos
898 585 954 602 snper
967 579 1007 602 ipsa
1016 579 1139 603 appellatione

204 619 242 630 mea
252 613 307 630 michi
318 613 360 630 dare
370 617 388 630 et
397 613 499 630 concedere
509 619 543 631 vos
551 613 619 631 velitis.
630 614 681 635 Quos
692 613 707 630 si
717 613 772 630 michi
783 613 825 630 dare
835 612 970 636 denegaveritis
980 615 1011 629 aut
1023 612 1065 635 plus
1076 612 1139 629 debito

203 646 318 667 distuleritis,
332 646 397 663 iterum
411 646 434 663 ob
448 646 483 664 hoc
496 646 581 664 senciens
594 652 623 663 me
635 650 729 670 gravatum
739 652 749 663 a
759 646 812 664 vobis
824 649 843 663 et
853 646 948 663 audiencia
960 649 1020 663 vestra
1033 651 1138 668 provoco.»

203 679 237 697 Cui
251 679 320 702 petenti
332 679 381 696 idem
394 679 514 696 cancellarius
527 680 638 703 respondit:
650 687 659 696 α
669 680 720 697 Alias
733 680 770 697 dixi
785 680 838 697 vobis
852 679 901 703 quod
916 679 1010 703 apostolos
1023 679 1076 697 vobis
1092 679 1139 696 dabo

204 712 266 730 ultima
275 712 305 729 die
315 718 325 729 a
335 716 417 735 tempore
430 712 539 735 interposite
552 713 679 735 appellationis
692 716 710 730 et
722 713 768 730 infra
782 717 854 736 tempus
864 713 922 736 ajure
937 716 1031 733 statutum,
1043 712 1089 729 alias
1101 718 1138 730 non

204 745 328 768 respondebo.
337 752 346 761 »
358 745 402 762 Acta
418 749 460 762 sunt
475 745 509 762 hec
518 745 538 762 in
548 745 626 763 ecclesia
640 746 739 763 Parisiensi
754 746 789 763 sub
803 752 857 767 anno,
872 746 978 767 indictione,
995 752 1064 767 mense,
1078 746 1107 763 die
1123 749 1140 762 et

204 779 308 802 pontificatu
324 778 418 802 predictis,
433 778 550 802 presentibus
564 778 632 796 ibidem
645 779 731 796 discretis
743 779 788 796 viris
800 779 880 796 dominis
891 783 910 796 et
919 779 1012 802 magistris
1025 779 1106 796 Johanne
1117 779 1140 796 de

204 812 280 833 Halinis,
286 812 368 829 Johsnne
377 812 399 829 de
407 813 470 833 Portu,
478 815 518 829 actu
526 812 634 835 regentibus
641 812 661 829 in
668 812 764 833 medicina,
770 812 858 829 Anselrno
867 812 915 829 dieto
923 812 967 835 Pipe
975 812 1049 833 clerico,
1056 812 1140 835 Philippo

204 845 226 862 de
236 846 311 869 Layaco,
322 845 395 862 bedello
407 845 454 862 dicte
464 845 560 866 facultatis,
571 849 589 862 et
599 845 683 868 pluribus
695 845 735 862 aliis
746 845 824 862 testibus
834 845 856 862 ad
866 845 947 868 predicta
957 846 1027 863 vocatis
1037 849 1055 862 et
1064 846 1139 869 rogatis.

248 879 306 899 Item‚.
316 879 385 895 eisdem
400 884 454 899 anno,
470 879 577 900 indictione,
592 884 656 895 mense
670 881 689 895 et
702 878 808 901 pontificatu
822 878 916 901 predictis,
932 878 961 895 die
978 878 1048 895 decima
1063 879 1139 901 septima

204 912 254 928 illius
267 912 344 933 mensis,
357 912 401 928 hora
414 917 540 934 vesperarum,
550 912 631 935 prefatus
644 912 731 934 magister
745 911 841 934 Philippus
855 911 936 928 decanus
949 911 999 929 dicte
1012 912 1102 929 facultntis
1117 912 1139 928 ad

204 945 314 968 presentiam
327 945 370 962 dicti
385 945 453 962 domini
468 945 537 962 domini
549 944 653 962 cancellarii
667 945 731 962 iterato
745 945 834 962 accedens
849 948 867 962 et
879 945 899 961 in
911 945 951 967 ejus
964 945 1036 968 meique
1046 944 1111 962 notarii
1122 948 1140 962 et

204 978 277 995 testium
286 978 432 1001 subscriptorum
440 978 535 1001 presencia
543 978 661 1000 constitutus,
669 978 751 995 secundo
759 981 777 995 et
783 978 848 995 iterato
856 978 951 1000 instanter,
959 978 1064 999 instantius,
1072 978 1140 995 instan-

204 1011 274 1028 tissime
289 1011 387 1034 requisivit
400 1012 489 1034 prefstum
504 1011 597 1028 dominum
612 1011 739 1029 cancellarium
755 1014 775 1028 ut
789 1011 828 1034 ipse
845 1011 905 1028 eidem
921 1017 954 1028 suo
971 1014 989 1028 et
1003 1011 1070 1034 quibus
1085 1017 1139 1034 supra

204 1044 310 1062 nominibus
324 1050 380 1068 super
392 1050 425 1061 sua
439 1044 486 1061 dicta
499 1044 621 1067 appellatione
634 1044 728 1067 apostolos
740 1044 796 1062 vellet
809 1044 858 1066 dare,
870 1045 899 1061 cui
911 1044 960 1061 idem
972 1044 1059 1062 dominus
1068 1044 1139 1061 cancel·-

203 1077 260 1095 larius
270 1078 392 1100 respondit:«
401 1078 440 1094 Hoc
452 1078 496 1095 alias
508 1077 562 1095 vohis
574 1078 618 1099 dixi,
629 1078 678 1100 quod
692 1078 738 1095 dabo
748 1077 800 1094 vobis
813 1077 907 1100 apostolos
916 1077 979 1095 ultima
989 1078 1019 1094 die
1029 1084 1038 1094 a
1045 1078 1088 1100 jure
1098 1084 1139 1101 pre-

204 1111 244 1133 fixa,
256 1110 312 1128 nichil
325 1111 375 1128 aliud
385 1111 438 1128 vobis
452 1110 576 1133 respondebo.
585 1118 594 1127 »
608 1111 653 1128 Acta
668 1114 711 1128 sunt
724 1110 758 1128 hec
772 1111 835 1128 ultimo
846 1111 904 1132 [dicta]
916 1111 936 1127 in
950 1111 1028 1128 ecclesia
1040 1111 1139 1128 Parisiensi

204 1150 259 1165 anno,
269 1144 305 1165 die,
317 1150 381 1161 mense
392 1144 507 1167 prescriptis,
519 1144 638 1166 presentibus
650 1144 718 1161 ibidem
731 1144 816 1161 discretis
826 1144 871 1161 viris
883 1144 963 1161 dominis
972 1144 1026 1161 Petro
1036 1144 1139 1161 Froissardi

204 1177 227 1195 de
243 1177 294 1199 Kale,
310 1177 410 1195 Guillelmo
427 1177 450 1194 de
467 1177 534 1194 Bordis
551 1177 573 1194 de
587 1177 664 1198 Chaton,
676 1177 786 1194 Parisiensis
800 1177 880 1194 diocesis
895 1177 1013 1194 eeclesiarum
1031 1177 1104 1198 curatis,
1122 1180 1139 1194 et

204 1210 293 1228 Michaele
306 1211 329 1228 de
344 1210 462 1228 Combisvilla
475 1211 525 1227 curie
536 1210 645 1228 Parisiensis
659 1214 676 1228 et
689 1210 779 1234 imperiali
788 1211 894 1228 auctoritate
906 1211 976 1228 notario
988 1211 1056 1233 jurato,
1066 1216 1086 1227 ac
1098 1210 1139 1234 plu-

204 1244 256 1261 ribus
266 1244 306 1261 aliis
317 1244 395 1261 testibus
405 1244 427 1261 ad
438 1244 519 1267 predicta
531 1244 600 1261 vocatis
609 1244 714 1267 specialiter
724 1247 741 1261 et
751 1244 826 1267 rogatis.

249 1278 300 1299 Item,
311 1278 381 1294 eisdem
393 1284 448 1299 anno,
458 1277 567 1299 indictione,
577 1284 640 1295 mense
653 1281 670 1294 et
680 1278 786 1301 pontificatu
798 1278 892 1301 predictis,
903 1277 933 1295 die
943 1277 1012 1295 decima
1024 1281 1085 1295 octava
1095 1278 1138 1295 dicti

204 1311 273 1328 mensis
288 1310 381 1332 Octobris,
396 1311 415 1327 iu
430 1311 507 1328 ecclesia
523 1311 623 1328 Parisiensi
637 1311 682 1328 hora
698 1317 733 1334 qua
749 1317 826 1334 vespere
844 1314 895 1328 erant
909 1311 928 1328 in
945 1311 1023 1328 ecclesia
1039 1311 1138 1328 Parisiensi

179 1354 181 1356 -
204 1347 280 1364 cantate,
291 1344 421 1367 complectorio
435 1344 515 1367 incepto,
525 1344 545 1361 in
557 1344 616 1367 ipsius
630 1344 700 1361 domini
711 1344 815 1361 cancellarii
827 1344 900 1367 meique
913 1344 978 1361 notarii
990 1344 1058 1367 publici
1068 1348 1086 1361 et
1095 1344 1138 1361 sub-

204 1377 314 1400 scriptorum
328 1377 402 1395 testium
417 1378 440 1394 ad
453 1377 487 1395 hec
502 1381 607 1395 vocatorum
622 1378 724 1401 presencia,
739 1378 819 1401 prefatus
834 1378 921 1401 magister
935 1377 1036 1401 Philippus,
1048 1378 1111 1395 dicens
1122 1381 1139 1395 et

204 1416 290 1428 asserens
299 1410 367 1428 ibidem
378 1411 424 1427 hanc
436 1414 540 1433 presentem
551 1410 599 1427 diem
609 1414 628 1428 et
636 1410 699 1427 horam
710 1410 835 1434 complectet-ii
846 1416 887 1427 esse
897 1410 977 1428 ultimam
991 1411 1038 1428 diem
1049 1410 1138 1428 ethoram

204 1444 292 1467 temporis
306 1449 316 1460 a
327 1444 370 1467 jure
387 1443 455 1464 statuti,
472 1444 536 1460 iterato
553 1443 649 1464 instanter,
666 1443 770 1464 instantius,
788 1443 919 1460 instantissime
935 1443 1031 1466 requisivit
1045 1443 1137 1460 dominum

204 1477 340 1497 cancellarium,
351 1480 370 1494 ut
380 1477 426 1500 ipse,
438 1480 492 1500 prout
501 1477 610 1500 promiserat
620 1476 671 1494 alias,
682 1476 777 1499 apostolos
787 1482 843 1499 super
852 1482 885 1493 sua
897 1476 1020 1498 appellatione
1030 1476 1139 1493 concederet
