<?xml version="1.0" encoding="UTF-8"?>
<!DOCTYPE html PUBLIC "-//W3C//DTD XHTML 1.0 Transitional//EN"
    "http://www.w3.org/TR/xhtml1/DTD/xhtml1-transitional.dtd">
<html xmlns="http://www.w3.org/1999/xhtml" xml:lang="en" lang="en">
 <head>
  <title>
</title>
<meta http-equiv="Content-Type" content="text/html;charset=utf-8" />
  <meta name='ocr-system' content='tesseract 3.04.00' />
  <meta name='ocr-capabilities' content='ocr_page ocr_carea ocr_par ocr_line ocrx_word'/>
</head>
<body>
  <div class='ocr_page' id='page_1' title='image "./chartulariumuni02mogoog_0620.png"; bbox 0 0 1308 1835; ppageno 0'>
   <div class='ocr_carea' id='block_1_1' title="bbox 191 220 1122 242">
    <p class='ocr_par' dir='ltr' id='par_1_1' title="bbox 191 220 1122 242">
     <span class='ocr_line' id='line_1_1' title="bbox 191 220 1122 242; baseline 0.001 -4"><span class='ocrx_word' id='word_1_1' title='bbox 191 220 239 239; x_wconf 79' lang='lat'>1346]</span> <span class='ocrx_word' id='word_1_2' title='bbox 392 227 416 238; x_wconf 66' lang='grc' dir='ltr'>ΑΒ</span> <span class='ocrx_word' id='word_1_3' title='bbox 432 227 485 238; x_wconf 66' lang='lat' dir='ltr'>Anno</span> <span class='ocrx_word' id='word_1_4' title='bbox 503 227 620 239; x_wconf 66' lang='lat' dir='ltr'>nccnxxxw</span> <span class='ocrx_word' id='word_1_5' title='bbox 638 227 703 242; x_wconf 69' lang='lat' dir='ltr'>usque</span> <span class='ocrx_word' id='word_1_6' title='bbox 721 226 745 238; x_wconf 65' lang='lat' dir='ltr'>An</span> <span class='ocrx_word' id='word_1_7' title='bbox 761 226 831 238; x_wconf 68' lang='lat' dir='ltr'>Auium</span> <span class='ocrx_word' id='word_1_8' title='bbox 848 226 918 238; x_wconf 73' lang='lat' dir='ltr'>uocet..</span> <span class='ocrx_word' id='word_1_9' title='bbox 1089 223 1122 239; x_wconf 78' lang='lat'>593</span> 
     </span>
    </p>
   </div>
   <div class='ocr_carea' id='block_1_2' title="bbox 187 263 1125 1488">
    <p class='ocr_par' dir='ltr' id='par_1_2' title="bbox 187 263 1125 820">
     <span class='ocr_line' id='line_1_2' title="bbox 190 263 1121 287; baseline 0 -7"><span class='ocrx_word' id='word_1_10' title='bbox 190 263 237 280; x_wconf 82' lang='lat' dir='ltr'>dicte</span> <span class='ocrx_word' id='word_1_11' title='bbox 248 263 377 281; x_wconf 79' lang='lat' dir='ltr'>Universitatis</span> <span class='ocrx_word' id='word_1_12' title='bbox 390 264 500 281; x_wconf 81' lang='lat' dir='ltr'>Parisiensis</span> <span class='ocrx_word' id='word_1_13' title='bbox 513 269 533 281; x_wconf 87' lang='lat' dir='ltr'>se</span> <span class='ocrx_word' id='word_1_14' title='bbox 547 267 648 287; x_wconf 74' lang='lat' dir='ltr'>gerentem,</span> <span class='ocrx_word' id='word_1_15' title='bbox 663 264 714 287; x_wconf 84' lang='lat' dir='ltr'>quud</span> <span class='ocrx_word' id='word_1_16' title='bbox 726 264 840 281; x_wconf 77' lang='lat' dir='ltr'>Universitas</span> <span class='ocrx_word' id='word_1_17' title='bbox 852 263 963 281; x_wconf 85' lang='lat' dir='ltr'>Parisiensis</span> <span class='ocrx_word' id='word_1_18' title='bbox 974 263 993 280; x_wconf 91' lang='lat' dir='ltr'>in</span> <span class='ocrx_word' id='word_1_19' title='bbox 1005 263 1063 286; x_wconf 82' lang='lat' dir='ltr'>eapite</span> <span class='ocrx_word' id='word_1_20' title='bbox 1075 267 1094 280; x_wconf 88' lang='lat' dir='ltr'>et</span> <span class='ocrx_word' id='word_1_21' title='bbox 1102 263 1121 280; x_wconf 86' lang='lat' dir='ltr'>in</span> 
     </span>
     <span class='ocr_line' id='line_1_3' title="bbox 190 296 1122 320; baseline 0 -7"><span class='ocrx_word' id='word_1_22' title='bbox 190 296 284 318; x_wconf 79' lang='lat' dir='ltr'>membris,</span> <span class='ocrx_word' id='word_1_23' title='bbox 294 296 314 313; x_wconf 85' lang='lat' dir='ltr'>in</span> <span class='ocrx_word' id='word_1_24' title='bbox 325 296 411 320; x_wconf 84' lang='lat' dir='ltr'>personis</span> <span class='ocrx_word' id='word_1_25' title='bbox 423 300 442 314; x_wconf 82' lang='lat' dir='ltr'>et</span> <span class='ocrx_word' id='word_1_26' title='bbox 453 296 562 319; x_wconf 72' lang='lat' dir='ltr'><strong>suppositis,</strong></span> <span class='ocrx_word' id='word_1_27' title='bbox 573 302 608 313; x_wconf 90' lang='lat' dir='ltr'>una</span> <span class='ocrx_word' id='word_1_28' title='bbox 621 302 661 313; x_wconf 88' lang='lat' dir='ltr'>cum</span> <span class='ocrx_word' id='word_1_29' title='bbox 671 296 745 319; x_wconf 87' lang='lat' dir='ltr'>juribus</span> <span class='ocrx_word' id='word_1_30' title='bbox 755 300 773 314; x_wconf 86' lang='lat' dir='ltr'>et</span> <span class='ocrx_word' id='word_1_31' title='bbox 782 297 892 318; x_wconf 62' lang='lat' dir='ltr'>franchssiis,</span> <span class='ocrx_word' id='word_1_32' title='bbox 904 296 1006 320; x_wconf 77' lang='lat' dir='ltr'>privilegiis</span> <span class='ocrx_word' id='word_1_33' title='bbox 1019 299 1036 313; x_wconf 87' lang='lat' dir='ltr'>et</span> <span class='ocrx_word' id='word_1_34' title='bbox 1048 296 1122 313; x_wconf 83' lang='lat' dir='ltr'>liberta—</span> 
     </span>
     <span class='ocr_line' id='line_1_4' title="bbox 191 329 1122 353; baseline 0 -6"><span class='ocrx_word' id='word_1_35' title='bbox 191 329 239 347; x_wconf 89' lang='lat' dir='ltr'>tibus</span> <span class='ocrx_word' id='word_1_36' title='bbox 252 330 291 347; x_wconf 83' lang='lat' dir='ltr'>suis</span> <span class='ocrx_word' id='word_1_37' title='bbox 302 333 342 347; x_wconf 73' lang='lat' dir='ltr'>erat</span> <span class='ocrx_word' id='word_1_38' title='bbox 351 333 369 347; x_wconf 81' lang='lat' dir='ltr'>et</span> <span class='ocrx_word' id='word_1_39' title='bbox 378 333 407 347; x_wconf 81' lang='lat' dir='ltr'>est</span> <span class='ocrx_word' id='word_1_40' title='bbox 416 335 424 346; x_wconf 80' lang='lat' dir='ltr'>a</span> <span class='ocrx_word' id='word_1_41' title='bbox 435 329 541 347; x_wconf 71' lang='lat' dir='ltr'>fundatione</span> <span class='ocrx_word' id='word_1_42' title='bbox 551 329 680 347; x_wconf 81' lang='lat' dir='ltr'>Universitatis</span> <span class='ocrx_word' id='word_1_43' title='bbox 690 330 772 352; x_wconf 76' lang='lat' dir='ltr'>predicte</span> <span class='ocrx_word' id='word_1_44' title='bbox 782 330 801 347; x_wconf 89' lang='lat' dir='ltr'>in</span> <span class='ocrx_word' id='word_1_45' title='bbox 811 334 873 347; x_wconf 76' lang='lat' dir='ltr'>nostra</span> <span class='ocrx_word' id='word_1_46' title='bbox 885 330 934 347; x_wconf 87' lang='lat' dir='ltr'>salva</span> <span class='ocrx_word' id='word_1_47' title='bbox 944 330 1007 353; x_wconf 81' lang='lat' dir='ltr'>gardia</span> <span class='ocrx_word' id='word_1_48' title='bbox 1019 329 1094 353; x_wconf 75' lang='lat' dir='ltr'>speciali</span> <span class='ocrx_word' id='word_1_49' title='bbox 1103 332 1122 346; x_wconf 86' lang='lat' dir='ltr'>et</span> 
     </span>
     <span class='ocr_line' id='line_1_5' title="bbox 190 362 1122 386; baseline 0.001 -7"><span class='ocrx_word' id='word_1_50' title='bbox 190 363 235 380; x_wconf 74' lang='lat' dir='ltr'>adeo</span> <span class='ocrx_word' id='word_1_51' title='bbox 250 363 327 384; x_wconf 73' lang='lat' dir='ltr'>notoria,</span> <span class='ocrx_word' id='word_1_52' title='bbox 343 363 391 386; x_wconf 87' lang='lat' dir='ltr'>qnod</span> <span class='ocrx_word' id='word_1_53' title='bbox 407 362 452 379; x_wconf 89' lang='lat' dir='ltr'>nulli</span> <span class='ocrx_word' id='word_1_54' title='bbox 467 362 514 380; x_wconf 84' lang='lat' dir='ltr'>dicte</span> <span class='ocrx_word' id='word_1_55' title='bbox 530 362 578 380; x_wconf 77' lang='lat' dir='ltr'>salve</span> <span class='ocrx_word' id='word_1_56' title='bbox 596 362 659 386; x_wconf 79' lang='lat' dir='ltr'>gardie</span> <span class='ocrx_word' id='word_1_57' title='bbox 675 366 759 385; x_wconf 78' lang='lat' dir='ltr'>poterant</span> <span class='ocrx_word' id='word_1_58' title='bbox 776 363 900 386; x_wconf 81' lang='lat' dir='ltr'>ignoranciam</span> <span class='ocrx_word' id='word_1_59' title='bbox 916 363 1026 386; x_wconf 79' lang='lat' dir='ltr'>pretendere</span> <span class='ocrx_word' id='word_1_60' title='bbox 1041 363 1122 386; x_wconf 78' lang='lat' dir='ltr'>qualem-</span> 
     </span>
     <span class='ocr_line' id='line_1_6' title="bbox 190 396 1122 420; baseline 0 -7"><span class='ocrx_word' id='word_1_61' title='bbox 190 402 268 419; x_wconf 74' lang='lat' dir='ltr'>cunque,</span> <span class='ocrx_word' id='word_1_62' title='bbox 279 396 356 413; x_wconf 77' lang='lat' dir='ltr'>maxime</span> <span class='ocrx_word' id='word_1_63' title='bbox 368 396 446 419; x_wconf 72' lang='lat' dir='ltr'>predicti</span> <span class='ocrx_word' id='word_1_64' title='bbox 458 399 576 420; x_wconf 82' lang='lat' dir='ltr'>conservator</span> <span class='ocrx_word' id='word_1_65' title='bbox 586 399 604 413; x_wconf 93' lang='lat' dir='ltr'>et</span> <span class='ocrx_word' id='word_1_66' title='bbox 615 399 682 417; x_wconf 82' lang='lat' dir='ltr'>rector,</span> <span class='ocrx_word' id='word_1_67' title='bbox 693 399 711 413; x_wconf 85' lang='lat' dir='ltr'>et</span> <span class='ocrx_word' id='word_1_68' title='bbox 720 396 769 419; x_wconf 87' lang='lat' dir='ltr'>quod</span> <span class='ocrx_word' id='word_1_69' title='bbox 782 396 824 413; x_wconf 85' lang='lat' dir='ltr'>lieet</span> <span class='ocrx_word' id='word_1_70' title='bbox 834 396 881 413; x_wconf 83' lang='lat' dir='ltr'>dicta</span> <span class='ocrx_word' id='word_1_71' title='bbox 890 396 1005 414; x_wconf 83' lang='lat' dir='ltr'>Universitas</span> <span class='ocrx_word' id='word_1_72' title='bbox 1014 397 1122 419; x_wconf 82' lang='lat' dir='ltr'>magistrum</span> 
     </span>
     <span class='ocr_line' id='line_1_7' title="bbox 190 429 1121 452; baseline 0 -6"><span class='ocrx_word' id='word_1_73' title='bbox 190 430 276 447; x_wconf 77' lang='lat' dir='ltr'>Thomam</span> <span class='ocrx_word' id='word_1_74' title='bbox 293 429 361 446; x_wconf 86' lang='lat' dir='ltr'>dictum</span> <span class='ocrx_word' id='word_1_75' title='bbox 376 429 393 446; x_wconf 90' lang='lat' dir='ltr'>le</span> <span class='ocrx_word' id='word_1_76' title='bbox 409 429 480 451; x_wconf 73' lang='lat' dir='ltr'>Sellier⁷</span> <span class='ocrx_word' id='word_1_77' title='bbox 495 429 583 446; x_wconf 80' lang='lat' dir='ltr'>scolarem</span> <span class='ocrx_word' id='word_1_78' title='bbox 601 429 729 446; x_wconf 81' lang='lat' dir='ltr'>Universitatis</span> <span class='ocrx_word' id='word_1_79' title='bbox 746 429 862 450; x_wconf 68' lang='lat' dir='ltr'>Parisiensis,</span> <span class='ocrx_word' id='word_1_80' title='bbox 878 429 897 446; x_wconf 85' lang='lat' dir='ltr'>in</span> <span class='ocrx_word' id='word_1_81' title='bbox 912 433 963 446; x_wconf 84' lang='lat' dir='ltr'>certo</span> <span class='ocrx_word' id='word_1_82' title='bbox 978 430 1020 447; x_wconf 85' lang='lat' dir='ltr'>loco</span> <span class='ocrx_word' id='word_1_83' title='bbox 1037 433 1121 452; x_wconf 70' lang='lat' dir='ltr'>tanquam</span> 
     </span>
     <span class='ocr_line' id='line_1_8' title="bbox 187 462 1122 486; baseline 0 -6"><span class='ocrx_word' id='word_1_84' title='bbox 187 463 318 486; x_wconf 78' lang='lat' dir='ltr'>justiciabilem</span> <span class='ocrx_word' id='word_1_85' title='bbox 328 466 346 480; x_wconf 90' lang='lat' dir='ltr'>et</span> <span class='ocrx_word' id='word_1_86' title='bbox 356 463 484 486; x_wconf 83' lang='lat' dir='ltr'>prisionarium</span> <span class='ocrx_word' id='word_1_87' title='bbox 495 469 547 480; x_wconf 87' lang='lat' dir='ltr'>suum</span> <span class='ocrx_word' id='word_1_88' title='bbox 561 466 632 480; x_wconf 87' lang='lat' dir='ltr'>teneret</span> <span class='ocrx_word' id='word_1_89' title='bbox 640 463 710 480; x_wconf 84' lang='lat' dir='ltr'>ratione</span> <span class='ocrx_word' id='word_1_90' title='bbox 721 466 738 480; x_wconf 89' lang='lat' dir='ltr'>et</span> <span class='ocrx_word' id='word_1_91' title='bbox 748 463 844 480; x_wconf 70' lang='lat' dir='ltr'>occasione</span> <span class='ocrx_word' id='word_1_92' title='bbox 853 462 955 486; x_wconf 81' lang='lat' dir='ltr'>aliquorum</span> <span class='ocrx_word' id='word_1_93' title='bbox 966 463 1047 486; x_wconf 83' lang='lat' dir='ltr'>gravium</span> <span class='ocrx_word' id='word_1_94' title='bbox 1059 469 1122 480; x_wconf 83' lang='lat' dir='ltr'>exces-</span> 
     </span>
     <span class='ocr_line' id='line_1_9' title="bbox 190 496 1122 519; baseline 0 -6"><span class='ocrx_word' id='word_1_95' title='bbox 190 503 242 514; x_wconf 87' lang='lat' dir='ltr'>suum</span> <span class='ocrx_word' id='word_1_96' title='bbox 258 502 291 519; x_wconf 87' lang='lat' dir='ltr'>per</span> <span class='ocrx_word' id='word_1_97' title='bbox 304 496 372 513; x_wconf 82' lang='lat' dir='ltr'>dietum</span> <span class='ocrx_word' id='word_1_98' title='bbox 389 500 537 514; x_wconf 76' lang='lat' dir='ltr'>conservatorem</span> <span class='ocrx_word' id='word_1_99' title='bbox 554 496 613 513; x_wconf 82' lang='lat' dir='ltr'>eidem</span> <span class='ocrx_word' id='word_1_100' title='bbox 627 496 754 519; x_wconf 74' lang='lat' dir='ltr'>impositorum</span> <span class='ocrx_word' id='word_1_101' title='bbox 769 499 787 513; x_wconf 84' lang='lat' dir='ltr'>et</span> <span class='ocrx_word' id='word_1_102' title='bbox 800 502 833 519; x_wconf 84' lang='lat' dir='ltr'>per</span> <span class='ocrx_word' id='word_1_103' title='bbox 849 496 909 518; x_wconf 85' lang='lat' dir='ltr'>ipsum</span> <span class='ocrx_word' id='word_1_104' title='bbox 926 502 986 513; x_wconf 84' lang='lat' dir='ltr'>eoram</span> <span class='ocrx_word' id='word_1_105' title='bbox 1003 502 1024 513; x_wconf 91' lang='lat' dir='ltr'>ea</span> <span class='ocrx_word' id='word_1_106' title='bbox 1038 499 1122 519; x_wconf 86' lang='lat' dir='ltr'>tanquam</span> 
     </span>
     <span class='ocr_line' id='line_1_10' title="bbox 190 529 1122 553; baseline -0.001 -6"><span class='ocrx_word' id='word_1_107' title='bbox 190 530 248 553; x_wconf 85' lang='lat' dir='ltr'>ipsius</span> <span class='ocrx_word' id='word_1_108' title='bbox 263 529 332 547; x_wconf 82' lang='lat' dir='ltr'>Thome</span> <span class='ocrx_word' id='word_1_109' title='bbox 345 530 426 553; x_wconf 85' lang='lat' dir='ltr'>judicem</span> <span class='ocrx_word' id='word_1_110' title='bbox 443 529 465 547; x_wconf 76' lang='lat' dir='ltr'>ad</span> <span class='ocrx_word' id='word_1_111' title='bbox 482 533 550 546; x_wconf 85' lang='lat' dir='ltr'>certum</span> <span class='ocrx_word' id='word_1_112' title='bbox 561 529 615 546; x_wconf 86' lang='lat' dir='ltr'>finem</span> <span class='ocrx_word' id='word_1_113' title='bbox 633 529 775 553; x_wconf 76' lang='lat' dir='ltr'>propositorum‚</span> <span class='ocrx_word' id='word_1_114' title='bbox 792 535 829 546; x_wconf 89' lang='lat' dir='ltr'>non</span> <span class='ocrx_word' id='word_1_115' title='bbox 846 529 929 546; x_wconf 80' lang='lat' dir='ltr'>obstante</span> <span class='ocrx_word' id='word_1_116' title='bbox 945 529 998 546; x_wconf 75' lang='lat' dir='ltr'>etiam</span> <span class='ocrx_word' id='word_1_117' title='bbox 1013 529 1063 552; x_wconf 87' lang='lat' dir='ltr'>quod</span> <span class='ocrx_word' id='word_1_118' title='bbox 1078 529 1122 546; x_wconf 78' lang='lat' dir='ltr'>dicti</span> 
     </span>
     <span class='ocr_line' id='line_1_11' title="bbox 190 560 1122 587; baseline -0.001 -7"><span class='ocrx_word' id='word_1_119' title='bbox 190 563 272 587; x_wconf 74' lang='lat' dir='ltr'>magistri</span> <span class='ocrx_word' id='word_1_120' title='bbox 282 563 358 584; x_wconf 67' lang='lat' dir='ltr'>Thome,</span> <span class='ocrx_word' id='word_1_121' title='bbox 368 563 418 580; x_wconf 84' lang='lat' dir='ltr'>dicto</span> <span class='ocrx_word' id='word_1_122' title='bbox 427 563 552 580; x_wconf 81' lang='lat' dir='ltr'>conservatori</span> <span class='ocrx_word' id='word_1_123' title='bbox 561 562 597 580; x_wconf 78' lang='lat' dir='ltr'>hoe</span> <span class='ocrx_word' id='word_1_124' title='bbox 606 563 682 586; x_wconf 76' lang='lat' dir='ltr'>petenti,</span> <span class='ocrx_word' id='word_1_125' title='bbox 693 568 725 586; x_wconf 76' lang='lat' dir='ltr'>per</span> <span class='ocrx_word' id='word_1_126' title='bbox 735 563 800 580; x_wconf 89' lang='lat' dir='ltr'>dictam</span> <span class='ocrx_word' id='word_1_127' title='bbox 811 562 950 580; x_wconf 76' lang='lat' dir='ltr'>Universitatem</span> <span class='ocrx_word' id='word_1_128' title='bbox 963 562 1028 579; x_wconf 74' lang='lat' dir='ltr'>fuisset</span> <span class='ocrx_word' id='word_1_129' title='bbox 1037 560 1122 580; x_wconf 72' lang='lat' dir='ltr'>remissio</span> 
     </span>
     <span class='ocr_line' id='line_1_12' title="bbox 187 595 1122 620; baseline 0 -7"><span class='ocrx_word' id='word_1_130' title='bbox 187 597 238 620; x_wconf 84' lang='lat' dir='ltr'>juste</span> <span class='ocrx_word' id='word_1_131' title='bbox 247 600 265 614; x_wconf 88' lang='lat' dir='ltr'>et</span> <span class='ocrx_word' id='word_1_132' title='bbox 274 597 357 620; x_wconf 86' lang='lat' dir='ltr'>legitime</span> <span class='ocrx_word' id='word_1_133' title='bbox 367 596 462 619; x_wconf 73' lang='lat' dir='ltr'>denegata,</span> <span class='ocrx_word' id='word_1_134' title='bbox 471 596 514 613; x_wconf 74' lang='lat' dir='ltr'>dieti</span> <span class='ocrx_word' id='word_1_135' title='bbox 524 600 642 614; x_wconf 80' lang='lat' dir='ltr'>conservator</span> <span class='ocrx_word' id='word_1_136' title='bbox 652 600 670 613; x_wconf 85' lang='lat' dir='ltr'>et</span> <span class='ocrx_word' id='word_1_137' title='bbox 679 600 739 614; x_wconf 87' lang='lat' dir='ltr'>rector</span> <span class='ocrx_word' id='word_1_138' title='bbox 748 596 816 613; x_wconf 87' lang='lat' dir='ltr'>dictum</span> <span class='ocrx_word' id='word_1_139' title='bbox 826 596 934 619; x_wconf 81' lang='lat' dir='ltr'>magistrum</span> <span class='ocrx_word' id='word_1_140' title='bbox 944 596 1030 613; x_wconf 84' lang='lat' dir='ltr'>Thomam</span> <span class='ocrx_word' id='word_1_141' title='bbox 1040 595 1064 613; x_wconf 85' lang='lat' dir='ltr'>de</span> <span class='ocrx_word' id='word_1_142' title='bbox 1073 596 1122 613; x_wconf 85' lang='lat' dir='ltr'>dicto</span> 
     </span>
     <span class='ocr_line' id='line_1_13' title="bbox 190 629 1122 653; baseline -0.001 -6"><span class='ocrx_word' id='word_1_143' title='bbox 190 630 238 652; x_wconf 73' lang='lat' dir='ltr'>loeo⁷</span> <span class='ocrx_word' id='word_1_144' title='bbox 249 630 268 647; x_wconf 90' lang='lat' dir='ltr'>in</span> <span class='ocrx_word' id='word_1_145' title='bbox 279 636 316 653; x_wconf 89' lang='lat' dir='ltr'>quo</span> <span class='ocrx_word' id='word_1_146' title='bbox 328 633 367 647; x_wconf 85' lang='lat' dir='ltr'>erat</span> <span class='ocrx_word' id='word_1_147' title='bbox 380 630 427 647; x_wconf 77' lang='lat' dir='ltr'>dicte</span> <span class='ocrx_word' id='word_1_148' title='bbox 438 630 566 647; x_wconf 80' lang='lat' dir='ltr'>Universitatis</span> <span class='ocrx_word' id='word_1_149' title='bbox 578 630 706 653; x_wconf 77' lang='lat' dir='ltr'>prisionarius,</span> <span class='ocrx_word' id='word_1_150' title='bbox 720 633 739 647; x_wconf 88' lang='lat' dir='ltr'>ut</span> <span class='ocrx_word' id='word_1_151' title='bbox 751 633 780 647; x_wconf 85' lang='lat' dir='ltr'>est</span> <span class='ocrx_word' id='word_1_152' title='bbox 791 630 864 651; x_wconf 81' lang='lat' dir='ltr'>dictum,</span> <span class='ocrx_word' id='word_1_153' title='bbox 878 636 911 653; x_wconf 88' lang='lat' dir='ltr'>per</span> <span class='ocrx_word' id='word_1_154' title='bbox 922 635 1005 653; x_wconf 72' lang='lat' dir='ltr'>magnam</span> <span class='ocrx_word' id='word_1_155' title='bbox 1017 629 1122 647; x_wconf 73' lang='lat' dir='ltr'>violentiam</span> 
     </span>
     <span class='ocr_line' id='line_1_14' title="bbox 190 657 1123 686; baseline 0 -6"><span class='ocrx_word' id='word_1_156' title='bbox 190 663 284 680; x_wconf 84' lang='lat' dir='ltr'>hominum</span> <span class='ocrx_word' id='word_1_157' title='bbox 298 666 407 680; x_wconf 74' lang='lat' dir='ltr'>armatorum</span> <span class='ocrx_word' id='word_1_158' title='bbox 420 666 511 680; x_wconf 76' lang='lat' dir='ltr'>traxerant</span> <span class='ocrx_word' id='word_1_159' title='bbox 522 667 541 680; x_wconf 93' lang='lat' dir='ltr'>et</span> <span class='ocrx_word' id='word_1_160' title='bbox 552 667 655 686; x_wconf 81' lang='lat' dir='ltr'>rapuerant,</span> <span class='ocrx_word' id='word_1_161' title='bbox 668 666 687 680; x_wconf 88' lang='lat' dir='ltr'>et</span> <span class='ocrx_word' id='word_1_162' title='bbox 698 663 763 680; x_wconf 84' lang='lat' dir='ltr'>multas</span> <span class='ocrx_word' id='word_1_163' title='bbox 775 663 852 686; x_wconf 83' lang='lat' dir='ltr'>injurias</span> <span class='ocrx_word' id='word_1_164' title='bbox 861 663 921 680; x_wconf 89' lang='lat' dir='ltr'>eidem</span> <span class='ocrx_word' id='word_1_165' title='bbox 933 663 1038 684; x_wconf 80' lang='lat' dir='ltr'>intulerant,</span> <span class='ocrx_word' id='word_1_166' title='bbox 1049 657 1067 680; x_wconf 78' lang='lat' dir='ltr'>et</span> <span class='ocrx_word' id='word_1_167' title='bbox 1076 662 1123 680; x_wconf 87' lang='lat' dir='ltr'>ultra</span> 
     </span>
     <span class='ocr_line' id='line_1_15' title="bbox 191 696 1122 719; baseline 0 -6"><span class='ocrx_word' id='word_1_168' title='bbox 191 702 253 713; x_wconf 82' lang='lat' dir='ltr'>muros</span> <span class='ocrx_word' id='word_1_169' title='bbox 263 696 341 714; x_wconf 77' lang='lat' dir='ltr'>civitatis</span> <span class='ocrx_word' id='word_1_170' title='bbox 354 696 463 714; x_wconf 83' lang='lat' dir='ltr'>Parisiensis</span> <span class='ocrx_word' id='word_1_171' title='bbox 476 697 535 719; x_wconf 88' lang='lat' dir='ltr'>ipsum</span> <span class='ocrx_word' id='word_1_172' title='bbox 546 697 640 718; x_wconf 65' lang='lat' dir='ltr'>duxerant,</span> <span class='ocrx_word' id='word_1_173' title='bbox 651 696 737 714; x_wconf 83' lang='lat' dir='ltr'>videlicet</span> <span class='ocrx_word' id='word_1_174' title='bbox 747 697 794 719; x_wconf 89' lang='lat' dir='ltr'>apud</span> <span class='ocrx_word' id='word_1_175' title='bbox 807 697 891 714; x_wconf 78' lang='lat' dir='ltr'>Sanctum</span> <span class='ocrx_word' id='word_1_176' title='bbox 902 696 1000 713; x_wconf 80' lang='lat' dir='ltr'>Mart-inum</span> <span class='ocrx_word' id='word_1_177' title='bbox 1010 696 1033 713; x_wconf 85' lang='lat' dir='ltr'>de</span> <span class='ocrx_word' id='word_1_178' title='bbox 1042 696 1122 719; x_wconf 83' lang='lat' dir='ltr'>Campis,</span> 
     </span>
     <span class='ocr_line' id='line_1_16' title="bbox 190 729 1123 753; baseline 0 -6"><span class='ocrx_word' id='word_1_179' title='bbox 190 733 253 747; x_wconf 80' lang='lat' dir='ltr'>contra</span> <span class='ocrx_word' id='word_1_180' title='bbox 263 730 311 747; x_wconf 85' lang='lat' dir='ltr'>dicte</span> <span class='ocrx_word' id='word_1_181' title='bbox 321 730 450 747; x_wconf 81' lang='lat' dir='ltr'>Universitatis</span> <span class='ocrx_word' id='word_1_182' title='bbox 461 730 580 751; x_wconf 82' lang='lat' dir='ltr'>voluntatem,</span> <span class='ocrx_word' id='word_1_183' title='bbox 591 734 609 747; x_wconf 87' lang='lat' dir='ltr'>et</span> <span class='ocrx_word' id='word_1_184' title='bbox 617 730 675 753; x_wconf 80' lang='lat' dir='ltr'>ipsam</span> <span class='ocrx_word' id='word_1_185' title='bbox 688 730 807 753; x_wconf 79' lang='lat' dir='ltr'>possessione</span> <span class='ocrx_word' id='word_1_186' title='bbox 817 733 835 747; x_wconf 90' lang='lat' dir='ltr'>et</span> <span class='ocrx_word' id='word_1_187' title='bbox 845 730 912 747; x_wconf 78' lang='lat' dir='ltr'>saisina</span> <span class='ocrx_word' id='word_1_188' title='bbox 923 730 968 747; x_wconf 77' lang='lat' dir='ltr'>dicti</span> <span class='ocrx_word' id='word_1_189' title='bbox 977 730 1006 747; x_wconf 83' lang='lat' dir='ltr'>sui</span> <span class='ocrx_word' id='word_1_190' title='bbox 1018 729 1123 753; x_wconf 77' lang='lat' dir='ltr'>prisionarii</span> 
     </span>
     <span class='ocr_line' id='line_1_17' title="bbox 190 755 1125 787; baseline 0.001 -7"><span class='ocrx_word' id='word_1_191' title='bbox 190 769 210 780; x_wconf 84' lang='lat' dir='ltr'>ac</span> <span class='ocrx_word' id='word_1_192' title='bbox 220 763 366 787; x_wconf 82' lang='lat' dir='ltr'>privilegiorum,</span> <span class='ocrx_word' id='word_1_193' title='bbox 379 763 483 781; x_wconf 80' lang='lat' dir='ltr'>libertatum</span> <span class='ocrx_word' id='word_1_194' title='bbox 493 767 511 781; x_wconf 88' lang='lat' dir='ltr'>et</span> <span class='ocrx_word' id='word_1_195' title='bbox 522 764 599 781; x_wconf 88' lang='lat' dir='ltr'>aliorum</span> <span class='ocrx_word' id='word_1_196' title='bbox 611 763 679 786; x_wconf 81' lang='lat' dir='ltr'>jurium</span> <span class='ocrx_word' id='word_1_197' title='bbox 691 769 765 781; x_wconf 89' lang='lat' dir='ltr'>suorum</span> <span class='ocrx_word' id='word_1_198' title='bbox 779 763 860 781; x_wconf 72' lang='lat' dir='ltr'>indebite</span> <span class='ocrx_word' id='word_1_199' title='bbox 871 767 888 781; x_wconf 86' lang='lat' dir='ltr'>et</span> <span class='ocrx_word' id='word_1_200' title='bbox 900 755 981 787; x_wconf 78' lang='lat' dir='ltr'>graviter</span> <span class='ocrx_word' id='word_1_201' title='bbox 993 763 1095 787; x_wconf 80' lang='lat' dir='ltr'>spoliand0‚</span> <span class='ocrx_word' id='word_1_202' title='bbox 1106 766 1125 780; x_wconf 84' lang='lat' dir='ltr'>et</span> 
     </span>
     <span class='ocr_line' id='line_1_18' title="bbox 191 796 786 820; baseline 0 -6"><span class='ocrx_word' id='word_1_203' title='bbox 191 800 271 814; x_wconf 74' lang='lat' dir='ltr'>nostram</span> <span class='ocrx_word' id='word_1_204' title='bbox 281 797 347 814; x_wconf 74' lang='lat' dir='ltr'>dictam</span> <span class='ocrx_word' id='word_1_205' title='bbox 358 796 425 814; x_wconf 70' lang='lat' dir='ltr'>salvam</span> <span class='ocrx_word' id='word_1_206' title='bbox 435 797 516 820; x_wconf 76' lang='lat' dir='ltr'>gardiam</span> <span class='ocrx_word' id='word_1_207' title='bbox 527 797 652 820; x_wconf 77' lang='lat' dir='ltr'>multiplieiter</span> <span class='ocrx_word' id='word_1_208' title='bbox 662 797 786 820; x_wconf 69' lang='lat' dir='ltr'>infringendo,</span> 
     </span>
    </p>

    <p class='ocr_par' dir='ltr' id='par_1_3' title="bbox 190 829 1125 953">
     <span class='ocr_line' id='line_1_19' title="bbox 235 829 1125 853; baseline 0 -6"><span class='ocrx_word' id='word_1_209' title='bbox 235 830 295 852; x_wconf 81' lang='lat' dir='ltr'>Quare</span> <span class='ocrx_word' id='word_1_210' title='bbox 309 829 395 853; x_wconf 81' lang='lat' dir='ltr'>petebant</span> <span class='ocrx_word' id='word_1_211' title='bbox 408 830 466 847; x_wconf 80' lang='lat' dir='ltr'>dictos</span> <span class='ocrx_word' id='word_1_212' title='bbox 480 834 627 847; x_wconf 81' lang='lat' dir='ltr'>conservatorem</span> <span class='ocrx_word' id='word_1_213' title='bbox 640 834 658 847; x_wconf 86' lang='lat' dir='ltr'>et</span> <span class='ocrx_word' id='word_1_214' title='bbox 670 833 758 847; x_wconf 82' lang='lat' dir='ltr'>rectorem</span> <span class='ocrx_word' id='word_1_215' title='bbox 771 835 804 853; x_wconf 82' lang='lat' dir='ltr'>per</span> <span class='ocrx_word' id='word_1_216' title='bbox 814 830 882 847; x_wconf 83' lang='lat' dir='ltr'>curiam</span> <span class='ocrx_word' id='word_1_217' title='bbox 892 833 973 847; x_wconf 84' lang='lat' dir='ltr'>nostram</span> <span class='ocrx_word' id='word_1_218' title='bbox 983 833 1001 847; x_wconf 83' lang='lat' dir='ltr'>et</span> <span class='ocrx_word' id='word_1_219' title='bbox 1012 836 1044 853; x_wconf 92' lang='lat' dir='ltr'>per</span> <span class='ocrx_word' id='word_1_220' title='bbox 1054 834 1125 853; x_wconf 86' lang='lat' dir='ltr'>tempo-</span> 
     </span>
     <span class='ocr_line' id='line_1_20' title="bbox 191 863 1125 887; baseline 0 -7"><span class='ocrx_word' id='word_1_221' title='bbox 191 863 267 880; x_wconf 69' lang='lat' dir='ltr'>ralimtis</span> <span class='ocrx_word' id='word_1_222' title='bbox 277 869 310 880; x_wconf 87' lang='lat' dir='ltr'>sue</span> <span class='ocrx_word' id='word_1_223' title='bbox 321 863 426 886; x_wconf 79' lang='lat' dir='ltr'>capoionem</span> <span class='ocrx_word' id='word_1_224' title='bbox 436 863 521 887; x_wconf 81' lang='lat' dir='ltr'>compelli</span> <span class='ocrx_word' id='word_1_225' title='bbox 532 866 550 880; x_wconf 92' lang='lat' dir='ltr'>et</span> <span class='ocrx_word' id='word_1_226' title='bbox 559 864 661 886; x_wconf 83' lang='lat' dir='ltr'>constringi</span> <span class='ocrx_word' id='word_1_227' title='bbox 671 863 694 880; x_wconf 85' lang='lat' dir='ltr'>ad</span> <span class='ocrx_word' id='word_1_228' title='bbox 704 863 865 886; x_wconf 81' lang='lat' dir='ltr'>reintegrationem</span> <span class='ocrx_word' id='word_1_229' title='bbox 876 863 924 881; x_wconf 79' lang='lat' dir='ltr'>dicte</span> <span class='ocrx_word' id='word_1_230' title='bbox 934 867 997 881; x_wconf 88' lang='lat' dir='ltr'>nostre</span> <span class='ocrx_word' id='word_1_231' title='bbox 1005 864 1054 881; x_wconf 76' lang='lat' dir='ltr'>salve</span> <span class='ocrx_word' id='word_1_232' title='bbox 1062 863 1125 887; x_wconf 76' lang='lat' dir='ltr'>gardie</span> 
     </span>
     <span class='ocr_line' id='line_1_21' title="bbox 191 896 1124 920; baseline 0 -6"><span class='ocrx_word' id='word_1_233' title='bbox 191 900 209 914; x_wconf 82' lang='lat' dir='ltr'>et</span> <span class='ocrx_word' id='word_1_234' title='bbox 218 897 352 915; x_wconf 85' lang='lat' dir='ltr'>restitutionem</span> <span class='ocrx_word' id='word_1_235' title='bbox 362 897 467 920; x_wconf 88' lang='lat' dir='ltr'>prisionarii</span> <span class='ocrx_word' id='word_1_236' title='bbox 478 896 571 918; x_wconf 77' lang='lat' dir='ltr'>antedicti,</span> <span class='ocrx_word' id='word_1_237' title='bbox 581 897 653 914; x_wconf 85' lang='lat' dir='ltr'>meliori</span> <span class='ocrx_word' id='word_1_238' title='bbox 664 897 718 914; x_wconf 85' lang='lat' dir='ltr'>modo</span> <span class='ocrx_word' id='word_1_239' title='bbox 728 903 764 920; x_wconf 85' lang='lat' dir='ltr'>quo</span> <span class='ocrx_word' id='word_1_240' title='bbox 778 896 827 914; x_wconf 84' lang='lat' dir='ltr'>istud</span> <span class='ocrx_word' id='word_1_241' title='bbox 836 897 895 914; x_wconf 83' lang='lat' dir='ltr'>facere</span> <span class='ocrx_word' id='word_1_242' title='bbox 906 900 990 920; x_wconf 78' lang='lat' dir='ltr'>poterant</span> <span class='ocrx_word' id='word_1_243' title='bbox 1000 900 1017 914; x_wconf 90' lang='lat' dir='ltr'>et</span> <span class='ocrx_word' id='word_1_244' title='bbox 1027 897 1124 919; x_wconf 65' lang='lat' dir='ltr'>dehebant,</span> 
     </span>
     <span class='ocr_line' id='line_1_22' title="bbox 190 930 721 953; baseline 0 -6"><span class='ocrx_word' id='word_1_245' title='bbox 190 931 271 948; x_wconf 77' lang='lat' dir='ltr'>rationes</span> <span class='ocrx_word' id='word_1_246' title='bbox 278 930 327 953; x_wconf 86' lang='lat' dir='ltr'>juris</span> <span class='ocrx_word' id='word_1_247' title='bbox 337 934 356 947; x_wconf 86' lang='lat' dir='ltr'>et</span> <span class='ocrx_word' id='word_1_248' title='bbox 363 931 406 947; x_wconf 79' lang='lat' dir='ltr'>facti</span> <span class='ocrx_word' id='word_1_249' title='bbox 417 930 439 947; x_wconf 76' lang='lat' dir='ltr'>nd</span> <span class='ocrx_word' id='word_1_250' title='bbox 449 930 483 947; x_wconf 86' lang='lat' dir='ltr'>hoc</span> <span class='ocrx_word' id='word_1_251' title='bbox 493 930 604 953; x_wconf 82' lang='lat' dir='ltr'>multiplices</span> <span class='ocrx_word' id='word_1_252' title='bbox 613 930 721 953; x_wconf 77' lang='lat' dir='ltr'>allegantes.</span> 
     </span>
    </p>

    <p class='ocr_par' dir='ltr' id='par_1_4' title="bbox 189 964 1125 1422">
     <span class='ocr_line' id='line_1_23' title="bbox 235 964 1125 987; baseline 0 -6"><span class='ocrx_word' id='word_1_253' title='bbox 235 964 288 981; x_wconf 82' lang='lat' dir='ltr'>Parte</span> <span class='ocrx_word' id='word_1_254' title='bbox 303 964 347 981; x_wconf 88' lang='lat' dir='ltr'>dicti</span> <span class='ocrx_word' id='word_1_255' title='bbox 362 964 496 981; x_wconf 78' lang='lat' dir='ltr'>conservatoris</span> <span class='ocrx_word' id='word_1_256' title='bbox 512 970 533 981; x_wconf 81' lang='lat' dir='ltr'>ex</span> <span class='ocrx_word' id='word_1_257' title='bbox 547 964 625 981; x_wconf 85' lang='lat' dir='ltr'>adverso</span> <span class='ocrx_word' id='word_1_258' title='bbox 639 968 754 987; x_wconf 83' lang='lat' dir='ltr'>proponente</span> <span class='ocrx_word' id='word_1_259' title='bbox 769 967 788 981; x_wconf 91' lang='lat' dir='ltr'>et</span> <span class='ocrx_word' id='word_1_260' title='bbox 801 964 873 981; x_wconf 79' lang='lat' dir='ltr'>dicente</span> <span class='ocrx_word' id='word_1_261' title='bbox 889 964 938 987; x_wconf 86' lang='lat' dir='ltr'>quod</span> <span class='ocrx_word' id='word_1_262' title='bbox 954 964 998 981; x_wconf 82' lang='lat' dir='ltr'>dicti</span> <span class='ocrx_word' id='word_1_263' title='bbox 1012 964 1092 981; x_wconf 78' lang='lat' dir='ltr'>decanus</span> <span class='ocrx_word' id='word_1_264' title='bbox 1106 968 1125 981; x_wconf 87' lang='lat' dir='ltr'>et</span> 
     </span>
     <span class='ocr_line' id='line_1_24' title="bbox 191 997 1124 1020; baseline 0 -6"><span class='ocrx_word' id='word_1_265' title='bbox 191 997 274 1015; x_wconf 85' lang='lat' dir='ltr'>nationes</span> <span class='ocrx_word' id='word_1_266' title='bbox 284 997 307 1014; x_wconf 75' lang='lat' dir='ltr'>ad</span> <span class='ocrx_word' id='word_1_267' title='bbox 317 997 420 1015; x_wconf 77' lang='lat' dir='ltr'>faciendum</span> <span class='ocrx_word' id='word_1_268' title='bbox 430 997 537 1020; x_wconf 83' lang='lat' dir='ltr'>petitionem</span> <span class='ocrx_word' id='word_1_269' title='bbox 549 1003 602 1020; x_wconf 90' lang='lat' dir='ltr'>quam</span> <span class='ocrx_word' id='word_1_270' title='bbox 615 997 706 1015; x_wconf 77' lang='lat' dir='ltr'>faciehant</span> <span class='ocrx_word' id='word_1_271' title='bbox 719 997 789 1015; x_wconf 78' lang='lat' dir='ltr'>admitti</span> <span class='ocrx_word' id='word_1_272' title='bbox 800 1002 837 1015; x_wconf 85' lang='lat' dir='ltr'>uon</span> <span class='ocrx_word' id='word_1_273' title='bbox 851 997 948 1019; x_wconf 81' lang='lat' dir='ltr'>dehebant,</span> <span class='ocrx_word' id='word_1_274' title='bbox 958 1003 999 1014; x_wconf 88' lang='lat' dir='ltr'>cum</span> <span class='ocrx_word' id='word_1_275' title='bbox 1010 997 1124 1015; x_wconf 86' lang='lat' dir='ltr'>Universitas</span> 
     </span>
     <span class='ocr_line' id='line_1_25' title="bbox 189 1030 1123 1054; baseline 0 -6"><span class='ocrx_word' id='word_1_276' title='bbox 189 1036 227 1048; x_wconf 86' lang='lat' dir='ltr'>non</span> <span class='ocrx_word' id='word_1_277' title='bbox 237 1034 305 1052; x_wconf 77' lang='lat' dir='ltr'>essent,</span> <span class='ocrx_word' id='word_1_278' title='bbox 319 1036 353 1048; x_wconf 82' lang='lat' dir='ltr'>nec</span> <span class='ocrx_word' id='word_1_279' title='bbox 365 1036 399 1054; x_wconf 89' lang='lat' dir='ltr'>pro</span> <span class='ocrx_word' id='word_1_280' title='bbox 409 1030 531 1048; x_wconf 82' lang='lat' dir='ltr'>Universitate</span> <span class='ocrx_word' id='word_1_281' title='bbox 544 1031 624 1054; x_wconf 81' lang='lat' dir='ltr'>reputari</span> <span class='ocrx_word' id='word_1_282' title='bbox 636 1030 733 1052; x_wconf 83' lang='lat' dir='ltr'>debebant,</span> <span class='ocrx_word' id='word_1_283' title='bbox 744 1037 778 1048; x_wconf 86' lang='lat' dir='ltr'>nec</span> <span class='ocrx_word' id='word_1_284' title='bbox 791 1034 897 1054; x_wconf 72' lang='lat' dir='ltr'>procurator</span> <span class='ocrx_word' id='word_1_285' title='bbox 906 1034 970 1048; x_wconf 83' lang='lat' dir='ltr'>noster</span> <span class='ocrx_word' id='word_1_286' title='bbox 981 1030 1072 1052; x_wconf 72' lang='lat' dir='ltr'>similiter,</span> <span class='ocrx_word' id='word_1_287' title='bbox 1082 1036 1123 1048; x_wconf 83' lang='lat' dir='ltr'>cum</span> 
     </span>
     <span class='ocr_line' id='line_1_26' title="bbox 189 1064 1122 1087; baseline 0 -6"><span class='ocrx_word' id='word_1_288' title='bbox 189 1065 249 1082; x_wconf 85' lang='lat' dir='ltr'>dictus</span> <span class='ocrx_word' id='word_1_289' title='bbox 263 1064 351 1087; x_wconf 71' lang='lat' dir='ltr'>magister</span> <span class='ocrx_word' id='word_1_290' title='bbox 360 1064 439 1081; x_wconf 88' lang='lat' dir='ltr'>Thomas</span> <span class='ocrx_word' id='word_1_291' title='bbox 447 1064 565 1087; x_wconf 80' lang='lat' dir='ltr'>justiciabilis</span> <span class='ocrx_word' id='word_1_292' title='bbox 578 1070 622 1081; x_wconf 88' lang='lat' dir='ltr'>suus</span> <span class='ocrx_word' id='word_1_293' title='bbox 636 1065 701 1085; x_wconf 63' lang='lat' dir='ltr'>esset&#39;=</span> <span class='ocrx_word' id='word_1_294' title='bbox 712 1067 730 1082; x_wconf 91' lang='lat' dir='ltr'>et</span> <span class='ocrx_word' id='word_1_295' title='bbox 740 1070 777 1081; x_wconf 90' lang='lat' dir='ltr'>non</span> <span class='ocrx_word' id='word_1_296' title='bbox 787 1064 880 1081; x_wconf 76' lang='lat' dir='ltr'>nationum</span> <span class='ocrx_word' id='word_1_297' title='bbox 890 1068 909 1081; x_wconf 90' lang='lat' dir='ltr'>et</span> <span class='ocrx_word' id='word_1_298' title='bbox 918 1064 982 1081; x_wconf 86' lang='lat' dir='ltr'>decani</span> <span class='ocrx_word' id='word_1_299' title='bbox 992 1064 1122 1087; x_wconf 82' lang='lat' dir='ltr'>predictorum,</span> 
     </span>
     <span class='ocr_line' id='line_1_27' title="bbox 189 1097 1123 1121; baseline 0 -7"><span class='ocrx_word' id='word_1_300' title='bbox 189 1101 208 1115; x_wconf 86' lang='lat' dir='ltr'>et</span> <span class='ocrx_word' id='word_1_301' title='bbox 217 1098 267 1121; x_wconf 87' lang='lat' dir='ltr'>quod</span> <span class='ocrx_word' id='word_1_302' title='bbox 276 1098 296 1114; x_wconf 91' lang='lat' dir='ltr'>in</span> <span class='ocrx_word' id='word_1_303' title='bbox 307 1098 370 1121; x_wconf 82' lang='lat' dir='ltr'>sigillo</span> <span class='ocrx_word' id='word_1_304' title='bbox 382 1104 416 1115; x_wconf 80' lang='lat' dir='ltr'>sno</span> <span class='ocrx_word' id='word_1_305' title='bbox 426 1101 445 1114; x_wconf 86' lang='lat' dir='ltr'>et</span> <span class='ocrx_word' id='word_1_306' title='bbox 453 1097 519 1114; x_wconf 77' lang='lat' dir='ltr'>litteris</span> <span class='ocrx_word' id='word_1_307' title='bbox 533 1098 583 1114; x_wconf 87' lang='lat' dir='ltr'>curie</span> <span class='ocrx_word' id='word_1_308' title='bbox 596 1104 629 1115; x_wconf 87' lang='lat' dir='ltr'>sue</span> <span class='ocrx_word' id='word_1_309' title='bbox 641 1098 737 1115; x_wconf 74' lang='lat' dir='ltr'>sulsitatem</span> <span class='ocrx_word' id='word_1_310' title='bbox 750 1098 872 1119; x_wconf 69' lang='lat' dir='ltr'>commiserat,</span> <span class='ocrx_word' id='word_1_311' title='bbox 882 1098 934 1120; x_wconf 76' lang='lat' dir='ltr'>eujus</span> <span class='ocrx_word' id='word_1_312' title='bbox 948 1097 1032 1115; x_wconf 76' lang='lat' dir='ltr'>salsitatis</span> <span class='ocrx_word' id='word_1_313' title='bbox 1042 1097 1123 1120; x_wconf 79' lang='lat' dir='ltr'>cognitio</span> 
     </span>
     <span class='ocr_line' id='line_1_28' title="bbox 189 1130 1122 1154; baseline -0.001 -6"><span class='ocrx_word' id='word_1_314' title='bbox 189 1135 208 1148; x_wconf 87' lang='lat' dir='ltr'>et</span> <span class='ocrx_word' id='word_1_315' title='bbox 216 1131 290 1154; x_wconf 85' lang='lat' dir='ltr'>punieio</span> <span class='ocrx_word' id='word_1_316' title='bbox 301 1131 323 1148; x_wconf 85' lang='lat' dir='ltr'>ad</span> <span class='ocrx_word' id='word_1_317' title='bbox 336 1131 396 1154; x_wconf 85' lang='lat' dir='ltr'>ipsum</span> <span class='ocrx_word' id='word_1_318' title='bbox 410 1134 427 1148; x_wconf 86' lang='lat' dir='ltr'>et</span> <span class='ocrx_word' id='word_1_319' title='bbox 439 1137 477 1148; x_wconf 89' lang='lat' dir='ltr'>non</span> <span class='ocrx_word' id='word_1_320' title='bbox 489 1131 512 1147; x_wconf 86' lang='lat' dir='ltr'>ad</span> <span class='ocrx_word' id='word_1_321' title='bbox 524 1131 579 1148; x_wconf 83' lang='lat' dir='ltr'>aliurn</span> <span class='ocrx_word' id='word_1_322' title='bbox 592 1131 701 1153; x_wconf 68' lang='lat' dir='ltr'>pertinebat,</span> <span class='ocrx_word' id='word_1_323' title='bbox 713 1134 733 1148; x_wconf 84' lang='lat' dir='ltr'>ut</span> <span class='ocrx_word' id='word_1_324' title='bbox 746 1131 823 1152; x_wconf 68' lang='lat' dir='ltr'>dicebat„</span> <span class='ocrx_word' id='word_1_325' title='bbox 836 1131 859 1148; x_wconf 88' lang='lat' dir='ltr'>de</span> <span class='ocrx_word' id='word_1_326' title='bbox 874 1130 1008 1148; x_wconf 86' lang='lat' dir='ltr'>cousuetudine</span> <span class='ocrx_word' id='word_1_327' title='bbox 1022 1131 1122 1154; x_wconf 76' lang='lat' dir='ltr'>prescripta</span> 
     </span>
     <span class='ocr_line' id='line_1_29' title="bbox 189 1164 1122 1187; baseline 0 -6"><span class='ocrx_word' id='word_1_328' title='bbox 189 1165 271 1187; x_wconf 77' lang='lat' dir='ltr'>legitime</span> <span class='ocrx_word' id='word_1_329' title='bbox 279 1170 311 1187; x_wconf 92' lang='lat' dir='ltr'>per</span> <span class='ocrx_word' id='word_1_330' title='bbox 320 1168 389 1181; x_wconf 79' lang='lat' dir='ltr'>tantuin</span> <span class='ocrx_word' id='word_1_331' title='bbox 396 1168 475 1187; x_wconf 76' lang='lat' dir='ltr'>tempus,</span> <span class='ocrx_word' id='word_1_332' title='bbox 484 1165 536 1187; x_wconf 84' lang='lat' dir='ltr'>cujus</span> <span class='ocrx_word' id='word_1_333' title='bbox 546 1164 632 1181; x_wconf 82' lang='lat' dir='ltr'>contrarii</span> <span class='ocrx_word' id='word_1_334' title='bbox 642 1164 729 1181; x_wconf 75' lang='lat' dir='ltr'>memoria</span> <span class='ocrx_word' id='word_1_335' title='bbox 738 1170 776 1181; x_wconf 90' lang='lat' dir='ltr'>non</span> <span class='ocrx_word' id='word_1_336' title='bbox 786 1164 865 1185; x_wconf 48' lang='lat' dir='ltr'>extabat,</span> <span class='ocrx_word' id='word_1_337' title='bbox 877 1167 894 1181; x_wconf 89' lang='lat' dir='ltr'>et</span> <span class='ocrx_word' id='word_1_338' title='bbox 904 1164 953 1187; x_wconf 88' lang='lat' dir='ltr'>quod</span> <span class='ocrx_word' id='word_1_339' title='bbox 963 1164 987 1181; x_wconf 85' lang='lat' dir='ltr'>ob</span> <span class='ocrx_word' id='word_1_340' title='bbox 997 1164 1043 1181; x_wconf 77' lang='lat' dir='ltr'>hanc</span> <span class='ocrx_word' id='word_1_341' title='bbox 1050 1169 1122 1181; x_wconf 84' lang='lat' dir='ltr'>causam</span> 
     </span>
     <span class='ocr_line' id='line_1_30' title="bbox 189 1197 1123 1221; baseline -0.001 -6"><span class='ocrx_word' id='word_1_342' title='bbox 189 1204 222 1221; x_wconf 86' lang='lat' dir='ltr'>per</span> <span class='ocrx_word' id='word_1_343' title='bbox 237 1198 301 1215; x_wconf 80' lang='lat' dir='ltr'>dictam</span> <span class='ocrx_word' id='word_1_344' title='bbox 316 1198 456 1216; x_wconf 89' lang='lat' dir='ltr'>Universitatem</span> <span class='ocrx_word' id='word_1_345' title='bbox 471 1204 505 1215; x_wconf 89' lang='lat' dir='ltr'>seu</span> <span class='ocrx_word' id='word_1_346' title='bbox 519 1198 605 1220; x_wconf 87' lang='lat' dir='ltr'>majorem</span> <span class='ocrx_word' id='word_1_347' title='bbox 618 1201 636 1215; x_wconf 85' lang='lat' dir='ltr'>et</span> <span class='ocrx_word' id='word_1_348' title='bbox 647 1198 738 1215; x_wconf 82' lang='lat' dir='ltr'>saniorem</span> <span class='ocrx_word' id='word_1_349' title='bbox 751 1201 820 1221; x_wconf 83' lang='lat' dir='ltr'>partem</span> <span class='ocrx_word' id='word_1_350' title='bbox 832 1197 891 1221; x_wconf 79' lang='lat' dir='ltr'>ipsius</span> <span class='ocrx_word' id='word_1_351' title='bbox 906 1201 924 1215; x_wconf 84' lang='lat' dir='ltr'>et</span> <span class='ocrx_word' id='word_1_352' title='bbox 937 1203 970 1221; x_wconf 86' lang='lat' dir='ltr'>per</span> <span class='ocrx_word' id='word_1_353' title='bbox 984 1197 1049 1215; x_wconf 76' lang='lat' dir='ltr'>bonam</span> <span class='ocrx_word' id='word_1_354' title='bbox 1064 1198 1123 1220; x_wconf 86' lang='lat' dir='ltr'>ipsius</span> 
     </span>
     <span class='ocr_line' id='line_1_31' title="bbox 189 1231 1122 1255; baseline -0.001 -6"><span class='ocrx_word' id='word_1_355' title='bbox 189 1231 341 1249; x_wconf 86' lang='lat' dir='ltr'>deliberationem</span> <span class='ocrx_word' id='word_1_356' title='bbox 355 1232 399 1249; x_wconf 77' lang='lat' dir='ltr'>dieti</span> <span class='ocrx_word' id='word_1_357' title='bbox 413 1231 495 1255; x_wconf 75' lang='lat' dir='ltr'>magistri</span> <span class='ocrx_word' id='word_1_358' title='bbox 509 1231 578 1249; x_wconf 85' lang='lat' dir='ltr'>Thome</span> <span class='ocrx_word' id='word_1_359' title='bbox 591 1231 628 1249; x_wconf 82' lang='lat' dir='ltr'>sihi</span> <span class='ocrx_word' id='word_1_360' title='bbox 640 1232 685 1249; x_wconf 78' lang='lat' dir='ltr'>facta</span> <span class='ocrx_word' id='word_1_361' title='bbox 698 1232 757 1249; x_wconf 79' lang='lat' dir='ltr'>suerat</span> <span class='ocrx_word' id='word_1_362' title='bbox 769 1231 854 1248; x_wconf 82' lang='lat' dir='ltr'>remissio</span> <span class='ocrx_word' id='word_1_363' title='bbox 863 1232 914 1254; x_wconf 88' lang='lat' dir='ltr'>juste</span> <span class='ocrx_word' id='word_1_364' title='bbox 926 1235 945 1248; x_wconf 91' lang='lat' dir='ltr'>et</span> <span class='ocrx_word' id='word_1_365' title='bbox 956 1231 1023 1252; x_wconf 77' lang='lat' dir='ltr'>debite,</span> <span class='ocrx_word' id='word_1_366' title='bbox 1035 1234 1053 1248; x_wconf 89' lang='lat' dir='ltr'>et</span> <span class='ocrx_word' id='word_1_367' title='bbox 1063 1231 1122 1254; x_wconf 83' lang='lat' dir='ltr'>ipsum</span> 
     </span>
     <span class='ocr_line' id='line_1_32' title="bbox 189 1264 1122 1288; baseline 0 -6"><span class='ocrx_word' id='word_1_368' title='bbox 189 1265 276 1282; x_wconf 84' lang='lat' dir='ltr'>habuerat</span> <span class='ocrx_word' id='word_1_369' title='bbox 291 1265 333 1282; x_wconf 85' lang='lat' dir='ltr'>sine</span> <span class='ocrx_word' id='word_1_370' title='bbox 347 1265 436 1282; x_wconf 81' lang='lat' dir='ltr'>violencia</span> <span class='ocrx_word' id='word_1_371' title='bbox 451 1271 571 1288; x_wconf 80' lang='lat' dir='ltr'>quacumque.</span> <span class='ocrx_word' id='word_1_372' title='bbox 586 1265 646 1287; x_wconf 87' lang='lat' dir='ltr'>Quare</span> <span class='ocrx_word' id='word_1_373' title='bbox 661 1271 697 1282; x_wconf 91' lang='lat' dir='ltr'>non</span> <span class='ocrx_word' id='word_1_374' title='bbox 710 1265 789 1282; x_wconf 79' lang='lat' dir='ltr'>debebat</span> <span class='ocrx_word' id='word_1_375' title='bbox 800 1264 886 1288; x_wconf 86' lang='lat' dir='ltr'>compelli</span> <span class='ocrx_word' id='word_1_376' title='bbox 898 1265 920 1282; x_wconf 92' lang='lat' dir='ltr'>ad</span> <span class='ocrx_word' id='word_1_377' title='bbox 932 1265 1035 1282; x_wconf 78' lang='lat' dir='ltr'>faciendum</span> <span class='ocrx_word' id='word_1_378' title='bbox 1048 1265 1122 1282; x_wconf 86' lang='lat' dir='ltr'>restitu-</span> 
     </span>
     <span class='ocr_line' id='line_1_33' title="bbox 189 1291 1122 1322; baseline 0 -7"><span class='ocrx_word' id='word_1_379' title='bbox 189 1299 258 1316; x_wconf 87' lang='lat' dir='ltr'>tionem</span> <span class='ocrx_word' id='word_1_380' title='bbox 272 1299 363 1321; x_wconf 83' lang='lat' dir='ltr'>ejusdem,</span> <span class='ocrx_word' id='word_1_381' title='bbox 375 1304 408 1315; x_wconf 75' lang='lat' dir='ltr'>nec</span> <span class='ocrx_word' id='word_1_382' title='bbox 422 1299 571 1322; x_wconf 84' lang='lat' dir='ltr'>reintegrandum</span> <span class='ocrx_word' id='word_1_383' title='bbox 584 1291 666 1321; x_wconf 78' lang='lat' dir='ltr'>gardiam</span> <span class='ocrx_word' id='word_1_384' title='bbox 683 1299 797 1320; x_wconf 75' lang='lat' dir='ltr'>antedictam¹</span> <span class='ocrx_word' id='word_1_385' title='bbox 813 1299 847 1316; x_wconf 88' lang='lat' dir='ltr'>sed</span> <span class='ocrx_word' id='word_1_386' title='bbox 859 1299 919 1321; x_wconf 87' lang='lat' dir='ltr'>potius</span> <span class='ocrx_word' id='word_1_387' title='bbox 932 1298 1011 1315; x_wconf 84' lang='lat' dir='ltr'>debebat</span> <span class='ocrx_word' id='word_1_388' title='bbox 1024 1298 1046 1315; x_wconf 74' lang='lat' dir='ltr'>ab</span> <span class='ocrx_word' id='word_1_389' title='bbox 1059 1304 1122 1316; x_wconf 90' lang='lat' dir='ltr'>eorum</span> 
     </span>
     <span class='ocr_line' id='line_1_34' title="bbox 189 1331 1123 1355; baseline 0.001 -7"><span class='ocrx_word' id='word_1_390' title='bbox 189 1332 277 1355; x_wconf 78' lang='lat' dir='ltr'>petitione</span> <span class='ocrx_word' id='word_1_391' title='bbox 288 1331 359 1349; x_wconf 80' lang='lat' dir='ltr'>absolvi</span> <span class='ocrx_word' id='word_1_392' title='bbox 369 1335 387 1349; x_wconf 92' lang='lat' dir='ltr'>et</span> <span class='ocrx_word' id='word_1_393' title='bbox 399 1338 431 1348; x_wconf 79' lang='lat' dir='ltr'>eos</span> <span class='ocrx_word' id='word_1_394' title='bbox 443 1332 480 1349; x_wconf 90' lang='lat' dir='ltr'>sibi</span> <span class='ocrx_word' id='word_1_395' title='bbox 489 1332 508 1349; x_wconf 89' lang='lat' dir='ltr'>in</span> <span class='ocrx_word' id='word_1_396' title='bbox 520 1332 559 1349; x_wconf 80' lang='lat' dir='ltr'>suis</span> <span class='ocrx_word' id='word_1_397' title='bbox 573 1332 658 1355; x_wconf 84' lang='lat' dir='ltr'>expensis</span> <span class='ocrx_word' id='word_1_398' title='bbox 672 1332 808 1355; x_wconf 78' lang='lat' dir='ltr'>condempnari,</span> <span class='ocrx_word' id='word_1_399' title='bbox 822 1338 842 1349; x_wconf 84' lang='lat' dir='ltr'>ac</span> <span class='ocrx_word' id='word_1_400' title='bbox 855 1338 927 1349; x_wconf 89' lang='lat' dir='ltr'>manum</span> <span class='ocrx_word' id='word_1_401' title='bbox 941 1332 1010 1355; x_wconf 80' lang='lat' dir='ltr'>regiam</span> <span class='ocrx_word' id='word_1_402' title='bbox 1022 1332 1042 1349; x_wconf 90' lang='lat' dir='ltr'>in</span> <span class='ocrx_word' id='word_1_403' title='bbox 1055 1332 1123 1349; x_wconf 83' lang='lat' dir='ltr'>dictum</span> 
     </span>
     <span class='ocr_line' id='line_1_35' title="bbox 189 1365 1123 1389; baseline 0.001 -7"><span class='ocrx_word' id='word_1_404' title='bbox 189 1365 275 1383; x_wconf 84' lang='lat' dir='ltr'>Thomam</span> <span class='ocrx_word' id='word_1_405' title='bbox 291 1365 391 1388; x_wconf 79' lang='lat' dir='ltr'>appositam</span> <span class='ocrx_word' id='word_1_406' title='bbox 409 1371 442 1382; x_wconf 80' lang='lat' dir='ltr'>seu</span> <span class='ocrx_word' id='word_1_407' title='bbox 460 1365 519 1388; x_wconf 82' lang='lat' dir='ltr'>ipsius</span> <span class='ocrx_word' id='word_1_408' title='bbox 534 1365 672 1383; x_wconf 81' lang='lat' dir='ltr'>arrestationem</span> <span class='ocrx_word' id='word_1_409' title='bbox 685 1365 707 1382; x_wconf 87' lang='lat' dir='ltr'>ad</span> <span class='ocrx_word' id='word_1_410' title='bbox 722 1365 780 1389; x_wconf 81' lang='lat' dir='ltr'>ipsius</span> <span class='ocrx_word' id='word_1_411' title='bbox 795 1365 890 1383; x_wconf 82' lang='lat' dir='ltr'>utilitatem</span> <span class='ocrx_word' id='word_1_412' title='bbox 905 1365 994 1387; x_wconf 66' lang='lat' dir='ltr'>amoveri,</span> <span class='ocrx_word' id='word_1_413' title='bbox 1008 1369 1027 1382; x_wconf 88' lang='lat' dir='ltr'>ut</span> <span class='ocrx_word' id='word_1_414' title='bbox 1043 1365 1123 1387; x_wconf 79' lang='lat' dir='ltr'>dicebat,</span> 
     </span>
     <span class='ocr_line' id='line_1_36' title="bbox 189 1398 731 1422; baseline 0.002 -7"><span class='ocrx_word' id='word_1_415' title='bbox 189 1398 252 1422; x_wconf 81' lang='lat' dir='ltr'>plures</span> <span class='ocrx_word' id='word_1_416' title='bbox 263 1399 343 1416; x_wconf 79' lang='lat' dir='ltr'>rationes</span> <span class='ocrx_word' id='word_1_417' title='bbox 351 1398 399 1421; x_wconf 83' lang='lat' dir='ltr'>juris</span> <span class='ocrx_word' id='word_1_418' title='bbox 409 1402 427 1415; x_wconf 86' lang='lat' dir='ltr'>et</span> <span class='ocrx_word' id='word_1_419' title='bbox 436 1399 478 1416; x_wconf 72' lang='lat' dir='ltr'>facti</span> <span class='ocrx_word' id='word_1_420' title='bbox 488 1398 570 1422; x_wconf 77' lang='lat' dir='ltr'>allegans</span> <span class='ocrx_word' id='word_1_421' title='bbox 580 1399 602 1416; x_wconf 73' lang='lat' dir='ltr'>ad</span> <span class='ocrx_word' id='word_1_422' title='bbox 612 1398 660 1416; x_wconf 89' lang='lat' dir='ltr'>hunc</span> <span class='ocrx_word' id='word_1_423' title='bbox 670 1398 731 1416; x_wconf 82' lang='lat' dir='ltr'>finem.</span> 
     </span>
    </p>

    <p class='ocr_par' dir='ltr' id='par_1_5' title="bbox 190 1432 1125 1488">
     <span class='ocr_line' id='line_1_37' title="bbox 234 1432 1124 1455; baseline 0 -6"><span class='ocrx_word' id='word_1_424' title='bbox 234 1432 307 1449; x_wconf 81' lang='lat' dir='ltr'>Auditis</span> <span class='ocrx_word' id='word_1_425' title='bbox 325 1432 382 1455; x_wconf 83' lang='lat' dir='ltr'>igitur</span> <span class='ocrx_word' id='word_1_426' title='bbox 399 1432 453 1449; x_wconf 79' lang='lat' dir='ltr'>dictis</span> <span class='ocrx_word' id='word_1_427' title='bbox 468 1432 558 1455; x_wconf 77' lang='lat' dir='ltr'>partibus,</span> <span class='ocrx_word' id='word_1_428' title='bbox 575 1438 609 1455; x_wconf 83' lang='lat' dir='ltr'>per</span> <span class='ocrx_word' id='word_1_429' title='bbox 624 1435 705 1449; x_wconf 84' lang='lat' dir='ltr'>nostram</span> <span class='ocrx_word' id='word_1_430' title='bbox 722 1433 789 1449; x_wconf 84' lang='lat' dir='ltr'>curiam</span> <span class='ocrx_word' id='word_1_431' title='bbox 806 1432 874 1449; x_wconf 80' lang='lat' dir='ltr'>dietum</span> <span class='ocrx_word' id='word_1_432' title='bbox 889 1433 923 1449; x_wconf 84' lang='lat' dir='ltr'>suit</span> <span class='ocrx_word' id='word_1_433' title='bbox 936 1433 986 1455; x_wconf 85' lang='lat' dir='ltr'>quod</span> <span class='ocrx_word' id='word_1_434' title='bbox 1001 1432 1049 1449; x_wconf 79' lang='lat' dir='ltr'>dicte</span> <span class='ocrx_word' id='word_1_435' title='bbox 1064 1436 1124 1455; x_wconf 87' lang='lat' dir='ltr'>partes</span> 
     </span>
     <span class='ocr_line' id='line_1_38' title="bbox 190 1465 1125 1488; baseline 0 -6"><span class='ocrx_word' id='word_1_436' title='bbox 190 1465 271 1482; x_wconf 87' lang='lat' dir='ltr'>rationes</span> <span class='ocrx_word' id='word_1_437' title='bbox 285 1471 329 1482; x_wconf 77' lang='lat' dir='ltr'>suas</span> <span class='ocrx_word' id='word_1_438' title='bbox 343 1471 376 1488; x_wconf 89' lang='lat' dir='ltr'>per</span> <span class='ocrx_word' id='word_1_439' title='bbox 391 1465 464 1482; x_wconf 86' lang='lat' dir='ltr'>modum</span> <span class='ocrx_word' id='word_1_440' title='bbox 479 1465 566 1482; x_wconf 84' lang='lat' dir='ltr'>memorie</span> <span class='ocrx_word' id='word_1_441' title='bbox 581 1465 631 1482; x_wconf 77' lang='lat' dir='ltr'>curie</span> <span class='ocrx_word' id='word_1_442' title='bbox 645 1469 707 1482; x_wconf 77' lang='lat' dir='ltr'>nostre</span> <span class='ocrx_word' id='word_1_443' title='bbox 721 1466 819 1483; x_wconf 32' lang='lat' dir='ltr'>traderent*</span> <span class='ocrx_word' id='word_1_444' title='bbox 834 1465 906 1487; x_wconf 88' lang='lat' dir='ltr'>Quibus</span> <span class='ocrx_word' id='word_1_445' title='bbox 918 1466 989 1482; x_wconf 81' lang='lat' dir='ltr'>traditis</span> <span class='ocrx_word' id='word_1_446' title='bbox 1000 1469 1017 1482; x_wconf 83' lang='lat' dir='ltr'>et</span> <span class='ocrx_word' id='word_1_447' title='bbox 1027 1465 1125 1488; x_wconf 85' lang='lat' dir='ltr'>diligenter</span> 
     </span>
    </p>
   </div>
   <div class='ocr_carea' id='block_1_3' title="bbox 190 1498 1124 1542">
    <p class='ocr_par' dir='ltr' id='par_1_6' title="bbox 190 1498 1124 1542">
     <span class='ocr_line' id='line_1_39' title="bbox 190 1498 1124 1522; baseline 0 -7"><span class='ocrx_word' id='word_1_448' title='bbox 190 1498 286 1521; x_wconf 73' lang='lat' dir='ltr'>inspectis,</span> <span class='ocrx_word' id='word_1_449' title='bbox 299 1504 333 1521; x_wconf 85' lang='lat' dir='ltr'>per</span> <span class='ocrx_word' id='word_1_450' title='bbox 342 1502 431 1515; x_wconf 74' lang='lat' dir='ltr'>arrestum</span> <span class='ocrx_word' id='word_1_451' title='bbox 441 1499 492 1516; x_wconf 84' lang='lat' dir='ltr'>curie</span> <span class='ocrx_word' id='word_1_452' title='bbox 501 1502 564 1516; x_wconf 77' lang='lat' dir='ltr'>nostre</span> <span class='ocrx_word' id='word_1_453' title='bbox 575 1499 642 1516; x_wconf 80' lang='lat' dir='ltr'>dictum</span> <span class='ocrx_word' id='word_1_454' title='bbox 652 1499 686 1516; x_wconf 80' lang='lat' dir='ltr'>suit</span> <span class='ocrx_word' id='word_1_455' title='bbox 696 1499 745 1522; x_wconf 84' lang='lat' dir='ltr'>quod</span> <span class='ocrx_word' id='word_1_456' title='bbox 758 1499 805 1516; x_wconf 80' lang='lat' dir='ltr'>dicte</span> <span class='ocrx_word' id='word_1_457' title='bbox 815 1502 876 1522; x_wconf 75' lang='lat' dir='ltr'>partes</span> <span class='ocrx_word' id='word_1_458' title='bbox 886 1502 928 1516; x_wconf 84' lang='lat' dir='ltr'>sunt</span> <span class='ocrx_word' id='word_1_459' title='bbox 938 1499 957 1515; x_wconf 87' lang='lat' dir='ltr'>in</span> <span class='ocrx_word' id='word_1_460' title='bbox 967 1499 1019 1515; x_wconf 75' lang='lat' dir='ltr'>factis</span> <span class='ocrx_word' id='word_1_461' title='bbox 1029 1499 1124 1516; x_wconf 77' lang='lat' dir='ltr'>contrariis</span> 
     </span>
     <span class='ocr_line' id='line_1_40' title="bbox 253 1528 1063 1542; baseline -0.001 -2"><span class='ocrx_word' id='word_1_462' title='bbox 253 1529 269 1538; x_wconf 50' lang='grc' dir='ltr'>ἕ*</span> <span class='ocrx_word' id='word_1_463' title='bbox 279 1528 327 1540; x_wconf 73' lang='lat' dir='ltr'>Chart-</span> <span class='ocrx_word' id='word_1_464' title='bbox 338 1528 378 1540; x_wconf 69' lang='lat' dir='ltr'>Univ.</span> <span class='ocrx_word' id='word_1_465' title='bbox 387 1528 434 1541; x_wconf 77' lang='lat' dir='ltr'>Paris.</span> <span class='ocrx_word' id='word_1_466' title='bbox 443 1528 460 1542; x_wconf 81' lang='grc' dir='ltr'>Π,</span> <span class='ocrx_word' id='word_1_467' title='bbox 469 1528 481 1540; x_wconf 79' lang='lat'>1.</span> <span class='ocrx_word' id='word_1_468' title='bbox 1045 1528 1063 1539; x_wconf 64' lang='lat' dir='ltr'>.ss</span> 
     </span>
    </p>
   </div>
  </div>
 </body>
</html>
