1308 1835
175 232 224 250 1286]
375 239 397 249 ,ιιι
414 239 467 250 asso
484 238 602 250 MCCLxxxV1
619 239 685 253 usqum
702 239 727 249 ,tn
742 239 813 249 ,innuat
830 239 902 250 necet..
1097 236 1108 252 9

173 274 255 296 singulas
269 274 358 296 dyoceses
370 277 389 290 et
401 274 528 291 consessiones
538 274 653 295 audiverunt,
664 274 746 291 dicentes
756 279 812 296 super
821 274 856 290 hoc
866 274 968 296 privilegiis
980 275 1075 297 papalibus
1087 280 1107 291 se

174 306 253 323 munitos
268 312 272 323 ι
287 306 371 323 venimus
388 306 410 323 ad
426 312 460 323 vos
477 307 508 329 qni
525 310 620 329 presentes
638 312 702 323 sumus
717 310 736 323 et
751 306 839 323 hahemus
854 306 923 323 litteras
941 306 962 323 de
980 307 1107 323 ratihabitione

173 338 252 355 omnium
267 338 394 361 episcoporum
407 339 459 361 regni
474 339 549 356 Francie
561 339 584 356 ad
598 339 747 362 conquerendum
760 339 813 356 vobis
825 339 848 355 de
860 342 908 355 tanta
918 339 992 355 fratrum
1003 338 1106 359 insolentia,

173 371 214 393 quia
225 371 274 393 quod
287 377 321 387 nos
335 377 404 392 sumus=
415 377 449 388 vos
462 371 520 392 eritis,
530 371 586 388 credo
600 372 647 388 enim
662 372 711 394 quod
724 377 761 388 non
773 372 798 388 sit
809 371 863 388 hodie
877 371 956 394 prelatus
966 371 1014 388 inter
1024 377 1065 392 nos,
1075 371 1106 393 qui

173 404 195 420 de
210 403 242 420 hac
257 403 388 420 Universitate'
402 409 439 420 nen
455 404 480 420 sit
493 407 605 426 assumptus.
621 404 733 426 Rogavimus
748 407 830 426 preterea
845 407 862 421 et
880 404 940 427 rogari
956 404 1034 420 fecimus
1048 404 1106 420 dictos

173 437 237 453 fratres
250 439 270 452 ut
282 436 329 452 dicta
343 436 438 458 privilegia
452 436 544 453 mitterent
556 436 579 452 ad
592 436 654 452 sedem
669 436 786 458 apostolicam
799 442 808 452 a
822 437 895 453 domino
906 442 951 459 papa
961 436 1041 453 lucidius
1050 436 1106 452 inter-

173 469 268 491 pretanda,
282 469 332 491 quod
345 469 429 485 similiter
442 469 501 485 facere
516 472 621 485 renuerunt.
632 469 656 485 Ut
669 474 713 491 ergo
727 469 828 486 discutiatis
842 472 860 485 et
872 469 949 486 videatis
961 469 1005 492 quid
1016 469 1065 491 juris
1079 469 1106 485 eis

172 507 280 518 concessum
291 502 314 518 sit
326 507 348 518 ex
359 502 404 524 ipsis
415 501 523 524 privilegiis,
534 501 649 518 decrevimus
662 501 714 518 vobis
728 500 801 524 publice
813 501 856 524 legit
868 502 891 518 Et
902 502 961 518 statim
976 502 1048 524 quidam
1061 502 1106 518 alter

172 540 251 557 surgens
265 534 283 551 in
297 534 371 557 publico
384 534 461 551 ambone
475 534 519 557 legit
531 534 634 557 privilegia,
645 537 663 550 et
672 537 735 556 postea
747 533 792 556 legit
801 534 950 550 constitutionem
960 534 1063 551 Innocentii
1072 534 1104 554 ΙΙΙ,

172 573 208 589 que
221 567 258 584 hiis
272 567 387 588 contradicit,
401 571 422 584 ut
435 567 460 584 ibi
476 570 568 584 ostensum
584 567 624 587 suit,
639 570 658 583 et
673 567 696 583 ad
712 572 765 589 quam
780 569 876 588 utrumque
891 566 1007 588 privileffl'um
1024 566 1104 587 remittit,

172 603 235 622 utpote
245 600 271 616 illi
280 600 407 617 constitutioni
419 600 516 622 derogans.
527 600 564 616 Hec
576 599 682 616 constitutio
693 599 769 616 habetur
779 599 798 616 in
807 605 819 615 v
829 598 949 615 Decretalium
959 602 978 615 et
987 598 1050 621 incipit
1063 599 1089 615 sic
1100 604 1104 614 ς

172 633 235 649 Omnis
243 632 337 655 turiusque
345 638 403 649 sexus.

217 664 248 680 His
262 664 314 680 lectis
328 664 407 680 surrexit
422 664 520 686 episcopus
534 664 673 681 Ambianensis‘
686 665 774 681 maximus
785 664 851 687 jurista
864 667 881 680 et
897 664 921 680 de
935 664 1011 680 articulo
1026 664 1048 680 ad
1063 663 1105 680 arti-

172 696 232 713 culum
245 702 322 713 currens
335 696 443 713 ostendebat
456 696 525 719 liquide
539 697 623 719 perjura
636 703 669 720 per
680 697 740 713 omnia
753 697 833 719 predicte
846 696 971 714 constitutioni
982 696 1000 713 in
1012 696 1063 713 nulio
1073 702 1106 718 per

173 729 251 751 predicta
269 728 365 751 privilegia
382 729 495 751 derogatum=
514 734 548 745 nec
564 729 619 745 licere
637 729 723 746 iratribus
739 729 866 746 consessiones
883 729 946 746 audire
962 732 981 746 et
996 729 1105 751 penitentias

172 760 268 783 injungere
282 761 323 777 sine
336 760 464 783 episcoporum
480 764 498 777 et
512 761 672 783 parrochianorum
686 761 726 778 sive
740 761 859 783 plebanorum
874 762 946 778 licentia
959 761 1041 784 speciali,
1055 761 1105 778 nullo

172 793 245 809 fratrum
260 793 278 809 in
292 793 346 809 unico
359 793 416 809 verbo
429 793 570 810 contradicente.
582 793 659 815 Rogavit
669 799 712 816 ergo
723 793 808 810 dominus
819 794 917 816 episcopus
928 794 1076 814 Universitatem,
1085 797 1106 810 ut

172 825 199 842 eis
212 825 230 841 in
244 825 278 842 hoc
287 831 331 842 casu
341 825 428 842 assistere
438 826 551 848 dignaretur,
561 826 604 848 quia
615 825 650 848 ipsi
664 825 739 842 firmiter
750 831 815 842 omnes
827 829 845 842 et
857 826 966 842 unanimiter
978 825 1106 842 diffinivissent

172 863 230 880 usque
240 858 261 874 ad
272 858 380 880 sanguinem
392 858 422 875 tali
432 858 498 880 injurie
509 858 589 875 obviare.
602 859 639 875 uec
647 858 692 875 sach*
703 858 777 875 suerunt
787 858 816 874 die
827 858 902 875 sabbati,

216 890 303 913 Sequenti
315 891 351 911 die,
363 890 463 907 dominica⁹
473 890 549 911 scilicet,
560 896 608 908 unns
620 891 643 907 de
655 891 725 907 Ordine
735 891 826 907 Minorum
836 891 884 913 apud
897 891 961 907 fratres
972 891 1050 913 Mnjores
1063 891 1106 907 fecit

172 928 281 943 sermonem,
290 923 339 945 quod
350 923 407 945 prius=
417 926 436 939 nt
446 923 507 943 credo,
516 923 576 940 visum
586 928 623 939 non
634 926 668 943 est,
677 926 695 939 et
704 923 767 945 paucis
776 922 837 939 verbis
848 922 915 940 finiens
924 928 1026 940 sermonem
1038 923 1106 945 incepit

172 955 221 977 loqui
237 955 259 971 de
272 955 346 972 materia
363 955 475 978 supradicta,
489 958 506 972 et
521 955 612 977 replicans
626 955 710 977 singulos
724 955 817 976 articulos,
834 959 888 977 prout
904 958 974 978 poterat
986 955 1059 976 melius,
1072 961 1105 977 pro

171 988 236 1004 ordine
255 988 364 1010 exponebat,
376 988 471 1010 adjiciens,
485 988 533 1010 qnod
548 988 562 1004 si
576 987 679 1004 volnissent
693 988 746 1004 dictis
762 987 863 1010 privilegiis
878 988 912 1009 uti,
926 988 981 1005 latius
995 988 1104 1010 potuissent.

172 1020 247 1037 Dicebat
259 1020 311 1036 etiam
327 1020 376 1042 qnod
390 1026 430 1037 cum
445 1020 526 1043 predicta
540 1019 636 1043 privilegia
650 1020 774 1043 impetrarent,
790 1020 850 1037 dictus
863 1020 992 1037 Ambianensis
1007 1021 1105 1043 episeopus

172 1058 248 1075 presens
264 1053 345 1069 existens
359 1053 401 1069 totis
414 1053 485 1070 vii-ihus
498 1053 595 1069 resistebat
606 1059 610 1069 z
622 1053 678 1069 inuno
692 1059 755 1069 omnes
768 1053 832 1075 prelati
847 1053 920 1069 nuntios
933 1053 956 1069 ad
969 1053 1036 1069 curiam
1050 1053 1105 1069 mise-

172 1089 220 1105 runt.
235 1088 253 1102 et
269 1085 343 1102 minime
360 1089 496 1108 processerunt,
512 1085 553 1108 quia
570 1085 613 1102 dum
630 1091 675 1108 pape
692 1085 728 1108 ipsi
743 1085 808 1102 fratres
823 1085 896 1102 modum
912 1085 981 1106 utendi,
997 1091 1033 1108 quo
1046 1091 1105 1108 usque

171 1118 242 1134 fuerant
253 1117 307 1134 dictis
321 1117 424 1140 privilegiis
435 1117 484 1138 [usi]‚
496 1121 616 1140 exponerent,
629 1123 674 1140 papa
687 1118 783 1140 respondit
793 1123 797 1133 z
807 1118 874 1134 Placet.
885 1117 954 1134 Volunt
965 1120 1031 1138 autem,
1044 1118 1075 1138 ait,
1087 1121 1106 1134 et

172 1150 247 1172 exigunt
256 1150 321 1166 iterum
333 1149 397 1172 prelati
406 1156 416 1167 a
426 1149 480 1166 nobis
491 1153 510 1166 nt
520 1150 611 1166 mittamus
621 1149 717 1172 privilegia
725 1153 786 1166 nostra
796 1149 819 1166 ad
828 1149 896 1166 curiam
904 1149 927 1166 ad
934 1149 1090 1172 interpretandum
1100 1155 1104 1166 ε

171 1182 220 1204 qnod
233 1182 301 1198 fatuum
314 1182 369 1198 nimis
383 1185 438 1202 esset,
449 1182 490 1204 quia
504 1182 530 1198 sic
545 1182 630 1199 daremus
644 1182 703 1198 locum
717 1185 735 1199 et
747 1182 862 1198 occasionem
874 1182 985 1198 revocationi
998 1181 1052 1198 nobis
1064 1182 1104 1199 date

172 1215 285 1237 [potestatis].
296 1215 381 1231 Pretcrea
393 1217 457 1231 noster
468 1215 552 1231 minister
563 1214 636 1231 noviter
647 1214 714 1235 obiit'‘¹;
728 1214 834 1237 magistrum
845 1220 919 1237 quoque
930 1214 1006 1231 Ordinis
1016 1215 1104 1237 Major-um

173 1250 276 1269 presentem
286 1252 323 1263 non
332 1246 433 1263 habemus¹¹
443 1252 447 1263 z
456 1247 505 1263 unde
513 1252 550 1263 non
557 1246 649 1263 immerito
656 1247 679 1263 de
687 1250 722 1264 tarn
731 1247 788 1263 arduo
796 1247 842 1263 sacto
851 1252 884 1269 pro
892 1249 929 1263 toto
940 1246 1010 1263 Ordine
1019 1247 1059 1263 sine
1068 1246 1105 1263 illis

174 1285 208 1295 nos
217 1279 339 1296 intromittere
348 1285 385 1295 non
395 1279 490 1295 audemus.
498 1280 591 1301 Rogamus
602 1285 646 1301 ergo
656 1285 689 1296 vos
700 1282 719 1296 ut
729 1285 763 1295 uos
772 1282 868 1295 excusatos
878 1278 960 1295 habeatis
970 1282 988 1295 et
998 1282 1032 1295 tam
1041 1279 1105 1296 leviter

171 1311 269 1328 adversum
285 1317 319 1327 uos
338 1317 374 1327 non
391 1312 507 1332 moveamini,
521 1312 562 1333 qnia
580 1317 693 1334 nequaquam
707 1311 834 1328 Universitatis
849 1311 903 1328 vilius
921 1311 1020 1328 membrum
1034 1317 1104 1328 sumus.

216 1343 303 1365 Sequenti
316 1343 346 1359 die
359 1343 447 1365 agebatur
459 1344 525 1360 festum
539 1343 670 1366 Conceptionis
683 1344 736 1360 heute
751 1344 822 1360 Marie¹¹
835 1344 883 1366 apud
897 1344 962 1360 fratres
976 1344 1057 1360 Minores
1070 1349 1074 1359 ε
1087 1346 1105 1359 et

171 1382 213 1392 cccc
227 1381 275 1392 unns
288 1376 377 1398 Majonun
390 1376 459 1392 faciens
470 1382 581 1397 sermonem,
591 1376 614 1392 ad
626 1376 704 1392 eundem
717 1376 778 1396 finem,
791 1379 810 1393 nt
820 1376 877 1393 dicam
890 1376 977 1396 breviter,
987 1375 1104 1398 perducebat.

173 1409 193 1425 Et
203 1408 258 1425 credo
269 1407 294 1423 ihi
305 1407 377 1429 impleta
390 1411 418 1424 ost
428 1408 518 1430 scriptura
529 1414 565 1431 que
575 1408 619 1425 dicit
629 1413 634 1424 t
645 1409 694 1425 Facti
706 1411 749 1425 sunt
758 1408 811 1425 amici
822 1408 903 1425 Herodes
914 1411 931 1424 et
941 1408 1010 1424 Pilatus
1018 1408 1058 1429 ipsa
1069 1407 1104 1424 dic.

216 1440 301 1457 Ceterum
316 1440 335 1456 iu
348 1440 411 1462 vigilia
426 1440 473 1456 beati
489 1440 558 1457 Thome
575 1441 640 1457 iteruin
658 1440 722 1462 prelati
738 1440 850 1462 preconizari
864 1440 947 1456 fecerunt
960 1446 993 1462 per
1010 1440 1076 1460 scolas,
1086 1443 1106 1456 ut

172 1478 236 1489 omnes
246 1472 343 1491 dominica,
354 1472 405 1488 tertia
418 1472 501 1494 sequenti
513 1472 562 1492 dieu,
573 1473 617 1489 hora
627 1473 718 1489 sermonis
729 1472 751 1488 ad
762 1472 845 1488 Sanctum
857 1472 968 1488 Bernardum
980 1472 1104 1488 convenirent.

237 1504 248 1509 υ
258 1500 308 1512 mart,
319 1499 359 1511 raiz.
368 1500 415 1512 Parit.
425 1500 440 1513 n.
449 1500 455 1511 t
1036 1500 1043 1510 2
