1308 1835
158 196 191 213 438
451 203 610 214 cuanrtrzanitru
628 203 721 214 uuivsns.
743 203 806 214 rmus.
1042 197 1091 215 [1334

159 238 257 260 audiverat,
273 239 383 261 fidedignam
400 239 417 255 in
433 239 502 256 nostris
516 239 582 256 litteris
597 239 718 256 nominamus.
733 239 773 256 Non
787 243 846 256 autem
861 239 953 256 doctorem
965 239 995 256 vel
1007 239 1091 256 doctores

158 272 209 289 illum
223 272 252 289 vel
263 271 313 293 illos,
327 271 358 294 qui
372 272 406 289 hec
417 272 453 288 sibi
467 272 549 288 dixerant
559 272 673 289 nominamus
686 272 796 295 fidedignos.
811 272 834 288 Et
844 272 878 289 hoc
888 275 936 295 patet
948 272 990 295 quia
999 272 1019 288 in
1028 272 1091 289 eadem

158 305 218 322 littera
231 304 291 321 statim
305 304 441 328 subjunximus,
455 305 504 328 quod
519 305 541 321 ab
557 305 597 322 aliis
612 305 679 328 quibus
693 311 769 328 prorsus
784 305 839 322 sidem
853 305 945 322 indubiam
960 305 1091 322 adhibebamus

159 338 266 359 audivimus,
279 338 327 361 quod
339 341 444 361 preceptum
456 338 492 355 tale
503 344 535 355 seu
545 338 627 355 inductio
637 338 659 355 ah
669 344 700 355 ore
712 338 763 362 regio
774 344 811 355 non
820 338 916 361 processit⁴
927 338 979 355 Unde
991 344 1027 355 non
1037 338 1092 355 dehet

159 371 208 394 reffla
226 371 366 394 circumspectio
381 371 466 388 admirari
480 371 496 388 si
510 371 569 392 illum,
586 371 617 394 qui
631 377 639 388 a
656 371 730 388 doctore
745 371 775 388 vel
788 371 896 388 doctoribus
911 371 948 387 illis
963 371 1032 388 audivit
1046 371 1091 388 illud

159 404 272 421 mendacium
287 404 378 426 uobisque
390 410 411 421 se
424 404 516 421 audivisse
530 405 585 422 verba
599 404 629 421 illa
644 404 712 426 retulit,
726 405 841 421 nominamus
853 404 972 427 fidedignum,
987 404 1092 427 frequenter

159 437 206 454 enirn
226 437 317 461 confingit
333 438 382 460 quod
397 438 469 461 magnis
482 437 598 461 principibus
612 437 742 454 ecclesiasticis
759 440 777 454 et
792 437 906 455 secularibus
920 437 975 455 multa
992 437 1092 454 reserantur

159 471 252 488 mendacia
266 477 301 494 que
315 472 351 494 ipsi
363 478 383 489 se
395 472 436 488 aliis
449 472 532 488 referunt
543 471 642 488 audivisse>
657 471 693 488 Nec
707 474 782 494 propter
793 470 827 488 huc
840 477 903 488 eorum
916 471 963 489 fides
974 471 1048 492 ledum,
1060 471 1092 488 sed

159 508 239 521 remanet
250 504 324 522 illibata.

203 537 267 554 Adhuc
282 538 300 554 in
315 538 383 555 eisdem
399 537 465 554 litteris
479 537 537 560 regiis
551 537 631 554 vidimus
642 537 739 557 contineri,
753 537 802 559 quod
814 543 823 553 a
836 536 919 559 pluribus
935 537 1029 554 dicebatur
1043 538 1092 560 quod

159 576 193 588 nos
203 571 311 588 miseramus
324 571 410 587 dilectum
420 570 478 587 filium
488 570 588 587 Get-aldum
599 570 676 587 Othonis
686 570 789 593 generalem
801 570 904 587 ministrum
916 561 991 587 fratr-isin
1001 570 1091 587 Minorum

159 604 239 621 Parisius
250 604 271 621 ad
283 604 386 621 docendum
396 607 414 620 et
423 603 554 626 predicandum
566 603 614 626 quod
626 603 685 620 anime
695 606 778 626 separate
787 609 796 620 a
807 609 889 626 corpore,
902 609 910 620 a
920 604 1000 626 peccatis
1009 607 1092 627 purgate,

159 637 236 654 divinam
248 637 347 654 essentiam
357 642 415 659 usque
425 640 468 659 post
479 637 632 654 resurrectionem
647 642 743 660 corporum
755 643 791 653 non
801 636 905 654 videbunffl.
916 637 944 654 Ad
955 637 1004 660 quod
1015 637 1092 654 dicimus

159 673 176 686 et
186 670 286 687 asserimus
296 676 357 686 coram
367 670 406 686 Deo
417 670 467 692 quod
477 676 569 692 nunquam
581 670 616 687 hoc
627 676 659 686 cor
668 673 752 687 nostruin
764 670 839 687 intravit
848 676 881 686 nec
890 670 946 687 exivit
956 670 977 686 ab
989 676 1027 691 ore,
1037 670 1092 686 immo

159 703 306 726 supponebarnus
322 703 397 720 firmiter
413 703 461 725 quod
479 703 553 720 indilate
571 703 652 726 exposita
666 702 758 726 legatione
773 709 805 720 sua
819 703 927 720 excellentie
943 703 1001 726 regie,
1016 704 1092 726 ejusque

158 736 219 753 audito
233 736 355 759 beneplacito,
368 742 391 753 an
401 736 456 753 vellet
470 742 503 759 pro
516 736 580 753 eodem
595 731 672 759 negocio
686 736 757 759 aliquos
769 736 798 753 vel
812 736 889 759 aliquem
903 736 981 753 nuncios
994 736 1091 757 destinare,

158 769 217 786 statim
228 775 268 786 eum
283 769 354 792 collega
368 770 412 786 suo‘
423 769 499 786 deberet
512 770 600 792 prosequi
612 775 678 786 versus
693 769 777 793 Angliam
791 773 810 786 et
822 769 899 787 Scotiam
914 773 986 793 ceptum
1001 769 1040 786 iter,
1057 770 1092 787 Sed

157 802 203 826 ipsis
213 802 295 820 Parisius
306 802 397 820 stantibus
408 816 419 819 .,
427 806 536 825 procurator
547 803 637 820 carissimi
649 803 669 820 iu
681 802 755 820 Christo
767 802 799 820 filii
813 803 871 820 nostri
882 816 892 820 Δ.
903 803 962 826 regis⁷
976 803 1036 820 Scotie
1050 803 1092 820 illu-

157 836 209 856 stris,
218 836 240 853 ad
253 841 286 853 eos
297 836 381 857 veniens,
392 836 420 853 eis
429 836 523 853 insinuare
534 836 604 853 curavit
613 836 663 859 quod
673 842 704 853 rex
717 836 777 853 Seotie
787 842 823 853 non
836 837 903 853 eratin
912 842 970 859 regno
980 836 1047 857 Scotie,
1059 842 1092 853 nec

157 874 191 892 pro
202 869 266 886 eodem
276 869 343 892 aliquis
353 875 393 886 eum
404 875 441 892 quo
451 872 528 892 possent
538 875 593 892 super
602 870 678 892 negocio
689 869 738 892 pacis
747 869 775 886 vel
783 869 819 886 alio
826 873 919 886 tractatum
929 869 1002 886 habere.
1011 869 1092 892 Ideoque

157 907 221 919 eorum
233 902 279 919 viam
293 902 315 919 ad
327 908 405 925 presens
419 903 550 920 infructuosam
566 906 583 919 et
598 902 680 919 inutilem
696 902 795 925 reputabat(
812 903 849 919 Hoc
864 906 922 919 autem
934 906 970 919 tam
982 903 1017 925 ipsi
1030 903 1092 919 nuncii

158 935 216 952 nostri
226 942 279 958 quum
290 939 397 958 procurator
407 935 457 958 regis
468 927 545 958 predicti
555 935 609 952 nobis
619 942 652 959 per
662 941 704 952 suas
714 936 784 952 litteras
794 936 909 952 nunciarunt⁴
920 936 958 952 Nos
969 939 1028 952 autem
1038 935 1092 952 fidem

158 968 275 986 adhibentes*
291 969 404 991 procuratori
417 969 499 991 predicto
512 969 592 992 prefatos
605 969 683 985 nuncios
696 975 728 991 per
737 972 810 985 nostras
821 969 891 986 litteras
904 969 988 985 duximus
1000 974 1092 990 revocare,

158 1001 193 1018 hoc
207 1002 277 1024 adjecto
293 1001 342 1024 quod
357 1001 450 1024 generalis
462 1002 546 1018 minister
559 1002 575 1019 si
588 1008 621 1024 pro
635 1002 664 1018 sui
677 1002 754 1019 Ordinis
766 1002 850 1024 negociis
862 1001 941 1019 habebat
953 1002 973 1018 in
985 1002 1051 1025 Anglia
1064 1002 1093 1018 vel

158 1035 202 1051 alibi
216 1035 315 1058 proficisci,
330 1035 365 1052 hoc
380 1038 444 1058 posset
457 1035 523 1055 fucere,
539 1035 560 1052 ad
576 1041 609 1052 nos
626 1035 693 1052 nuncio
707 1035 742 1052 alio
758 1035 852 1052 redeunte.
868 1036 890 1052 Et
902 1035 943 1058 quia
956 1039 1092 1058 procuratorem

158 1068 260 1091 predictum
276 1068 328 1091 regis
344 1068 404 1085 Scotie
421 1068 502 1085 Parisius
519 1068 611 1085 credimus
628 1068 686 1085 adhuc
703 1074 751 1089 esse,
771 1068 895 1085 excollendum
913 1069 980 1091 regiam
996 1064 1094 1091 'precamur

159 1105 226 1118 attente
241 1105 261 1118 ut
273 1107 313 1118 cum
328 1101 376 1118 dicto
392 1105 510 1124 procuratore
522 1107 543 1118 se
554 1101 652 1119 informare
666 1101 732 1118 debeat
746 1101 768 1118 de
782 1101 884 1124 premissis,
898 1105 918 1118 ut
930 1102 947 1119 si
956 1101 990 1118 hec
1004 1108 1039 1124 que
1051 1107 1093 1124 pre-

159 1135 242 1152 misimus
258 1135 349 1152 invenerit
363 1140 404 1151 esse
420 1140 468 1155 vera,
483 1134 527 1151 velit
542 1134 632 1152 celsitudo
647 1135 699 1157 regia
712 1135 822 1151 relatoribus
835 1134 902 1152 talibus
917 1135 1005 1152 minorem
1020 1135 1039 1151 iu
1053 1134 1094 1151 aliis

159 1168 213 1185 fidem
224 1168 273 1185 dare.

205 1202 274 1219 Rursus
288 1201 417 1218 continebatur
427 1201 446 1218 in
456 1201 525 1219 eisdem
540 1201 606 1218 litteris
617 1201 680 1224 regiis,
695 1201 743 1224 quod
754 1207 763 1217 a
772 1201 834 1218 multis
847 1200 959 1224 sapientibus
972 1201 1039 1217 dicitur
1048 1201 1094 1218 tales

159 1235 267 1257 questiones
283 1238 304 1252 ut
319 1234 430 1251 subtilitates
448 1240 485 1251 non
502 1240 544 1251 esse
560 1234 637 1251 multum
654 1234 698 1251 utile
715 1233 814 1257 publicare⁴
831 1234 859 1251 Ad
876 1234 933 1256 quod,
951 1233 977 1251 fili
993 1234 1093 1255 carissime,

159 1268 303 1290 respondemus,
326 1267 385 1290 quod,
405 1267 440 1284 etsi
461 1267 503 1284 talia
521 1267 615 1290 predicare
632 1267 673 1283 rudi
690 1270 707 1283 et
724 1267 784 1283 minus
802 1267 913 1289 intelligenti
931 1267 999 1290 populo
1018 1271 1094 1290 possent

159 1301 236 1318 forsitan
249 1306 285 1317 non
300 1300 339 1317 sore
353 1300 403 1321 utile,
418 1303 492 1323 propter
502 1300 537 1316 hoc
548 1300 603 1322 Quia]
615 1305 652 1316 non
666 1303 743 1322 possunt
755 1306 820 1323 capere
833 1297 866 1317 ne'c
879 1300 982 1324 intelligere
991 1300 1094 1323 :judicare⁹

159 1336 225 1354 tamen,
237 1333 285 1356 quod
297 1333 394 1356 capacibus
404 1333 427 1350 de
437 1333 504 1350 talibus
518 1333 711 1356 predicetur-(proviso
722 1333 771 1356 quod
781 1333 836 1350 nichil
847 1336 910 1351 contra
921 1333 976 1350 fidem
988 1333 1093 1350 catholicam

160 1367 257 1389 asseratur)
271 1366 418 1390 repreliensibile
431 1372 468 1384 nun
481 1366 558 1384 videtur<
574 1366 649 1384 Consmt
663 1366 711 1384 enim
724 1367 773 1390 quod
783 1366 805 1384 de
815 1367 887 1384 visione
896 1367 997 1384 animarum
1006 1366 1093 1390 predicta,

160 1403 179 1417 et
187 1400 273 1417 Christus
286 1403 305 1417 et
318 1400 403 1423 apostoli,
419 1403 438 1417 ut
452 1403 500 1423 patet
513 1400 531 1417 in
547 1400 651 1423 Evangeliis
666 1403 683 1417 et
697 1400 821 1423 apostolorum
834 1400 924 1423 epistolis,
939 1400 1008 1423 sepius,
1021 1400 1058 1417 imo
1072 1400 1094 1417 de

160 1433 222 1450 multis
238 1433 334 1450 altioribus
348 1437 367 1450 et
380 1433 509 1450 subtilioribus
524 1434 570 1455 aliis,
585 1437 605 1451 ut
618 1437 668 1456 patet
681 1433 786 1457 specialiter
798 1434 817 1450 in
830 1433 929 1457 Evangelio
944 1433 1032 1451 Johannis
1045 1436 1064 1450 et
1075 1433 1095 1450 in

160 1467 266 1490 Apocalipsi
278 1467 297 1483 in
309 1467 356 1484 locis
369 1467 432 1488 variis,
442 1470 486 1484 sunt
497 1467 560 1484 locuti⁴
577 1467 637 1484 Sancti
651 1473 725 1490 quoque
738 1467 757 1484 in
769 1467 807 1484 suis
820 1467 893 1490 scriptis
903 1470 921 1484 et
932 1466 1049 1484 sermonibus
1059 1470 1093 1483 tam
