1308 1835
181 235 214 253 376
476 240 635 252 cninrvzsnium
652 241 747 261 vnxvsns.
766 241 831 252 »suist
1067 236 1116 254 [1331

182 283 235 301 quem
252 278 270 294 in
285 278 372 295 arbitrum
387 277 461 294 nomine
474 277 599 300 procuratorio
611 277 735 300 predictorum
749 278 863 294 dominorum
878 284 958 295 meorum
968 280 990 295 ‘et
1000 284 1033 301 pro
1042 278 1089 301 ipsis
1098 280 1118 295 et

182 311 204 327 ad
214 310 302 327 cautelam
313 310 361 334 eligo
372 317 394 327 ex
404 316 452 327 nunc
462 316 518 333 super
528 310 630 333 premissis*
1021 312 1024 314 '
1053 312 1055 314 ’

227 343 298 365 Quibus
311 343 414 360 rationibus
427 349 460 360 seu
474 343 621 360 recusationibus
634 344 661 361 sic
673 343 771 366 assignatis
785 347 803 360 et
815 344 921 366 propositis,
935 349 957 360 nc
970 344 1018 361 idem
1031 343 1117 366 dominus

182 376 301 393 cancellarius
316 382 349 394 seu
362 376 421 393 dictus
435 377 523 399 magister
536 377 600 394 Petrus
613 382 681 400 gerens
694 382 715 394 se
726 383 759 399 pro
772 376 844 394 officiali
854 382 887 393 seu
897 376 1024 393 commissario
1034 377 1116 399 ejusdem

182 413 244 426 contra
257 410 308 432 ipsos
320 410 434 433 appellantes
447 410 525 427 ulterius
537 410 560 427 de
572 410 626 432 sacto,
639 416 680 427 cum
691 410 714 427 de
724 410 765 433 jure
776 416 813 427 non
823 410 887 433 possit,
901 410 964 433 posset
972 409 1081 432 procedere,
1094 410 1118 427 ad

182 449 215 460 vos
225 446 243 460 et
253 443 365 460 audienciam
375 447 454 461 vestram
467 443 591 467 procuratoris
602 443 708 460 eorumdem
722 443 850 467 appellantium
861 443 934 460 nomine
943 446 963 460 et
971 449 1004 466 pro
1015 443 1061 466 ipsis
1071 443 1117 460 infra

182 479 254 499 tempus
264 476 346 493 debitum
356 477 438 500 legitime
447 477 553 500 provocavit
563 480 580 494 et
590 477 687 499 appellavit
697 480 715 493 et
724 477 817 499 apostolos
827 483 867 494 cum
878 477 967 494 instancia
978 477 1032 500 petiit
1043 477 1117 493 nomine

182 515 218 532 quo
229 515 284 532 supra
293 509 328 526 sibi
339 510 384 531 dari,
393 513 448 533 prout
456 510 475 527 in
485 510 606 526 instrumento
615 515 670 532 super
681 509 728 526 dicta
738 509 867 532 provocatione
877 510 960 527 confecto
970 516 991 527 ac
1001 510 1055 533 signo
1064 509 1118 527 Gaii·-

182 543 231 560 lelrni
246 543 341 566 Marpaudi
354 543 419 560 notarii
434 543 502 566 publici
517 542 590 565 signato
604 542 677 565 plenius
692 542 801 559 continetur.

226 577 270 593 Item
281 577 331 599 quod
341 576 463 599 appellatione
476 582 508 593 seu
521 575 651 599 provocatione
661 576 688 592 sic
697 576 805 599 interposita
816 575 865 593 idem
877 576 964 599 magister
974 576 1117 599 Petrus gerens

182 615 201 626 se
211 615 245 632 pro
255 610 326 626 officiali
341 615 374 626 seu
387 609 513 626 commissario
527 609 570 626 dicti
583 609 652 626 domini
664 609 769 626 cancellarii
780 612 822 632 post
832 612 850 626 et
859 612 921 626 contra
933 609 1073 632 appellationem
1084 615 1117 626 seu

181 643 328 665 provocationem
344 642 451 659 antedictam
468 642 527 659 dictos
541 641 654 665 appellantes
669 642 692 659 de
706 642 759 663 sacto,
774 648 814 659 curn
830 642 851 659 de
864 642 906 665 jure
921 648 958 659 non
972 642 1037 665 possit,
1054 645 1117 659 contu-

181 681 242 692 maces
252 675 349 698 reputavit⁴

225 708 270 725 Item
280 708 344 725 dicunt
353 707 396 725 dicti
407 708 519 731 appellantes
530 708 579 731 quod
589 708 679 731 quidquid
686 708 822 731 jurisdictionis
832 708 892 725 dictus
902 708 988 725 dominus
997 707 1117 725 cancellarius

182 741 235 758 habet
245 747 278 758 seu
287 741 355 758 habere
366 744 427 764 potest
436 741 517 758 Parisius
527 747 560 758 seu
570 741 630 758 dictus
640 741 726 764 magister
735 742 806 762 Petrus,
815 741 878 758 dicens
887 747 906 758 se
914 742 955 764 ejus
965 741 1054 762 officialis,
1062 741 1117 758 hahet

181 780 214 791 seu
224 774 290 791 hahere
301 777 369 797 potest,
382 777 401 791 et
413 774 453 797 ipse
467 778 484 791 et
497 774 526 791 sui
538 774 682 797 predecessores
691 774 795 791 cancellarii
805 774 883 791 ecclesie
893 774 1002 791 Parisiensis
1015 774 1118 791 habuerunt

181 811 199 824 et
208 807 275 824 habere
288 811 431 828 consueverunt,
443 808 511 824 hahent
524 811 539 824 et
553 811 622 829 tenent,
634 807 702 825 habere
715 811 733 825 et
746 811 808 825 tenere
821 811 963 828 consueverunt,
976 811 1060 831 tanquam
1074 808 1117 825 sub·

181 839 241 858 dict'us
250 846 284 858 seu
293 840 375 858 subdicti
384 844 403 857 et
409 841 513 863 juramento
524 840 617 858 fidelitatis
626 841 712 858 astrictus
721 847 754 858 seu
765 841 834 858 astricti
844 841 945 858 reverendo
958 841 1004 864 patri
1015 841 1032 858 in
1043 841 1116 858 Christo

181 880 200 891 ac
211 874 284 891 domino
294 874 395 891 Parisiensi
405 874 510 897 [episeopo],
526 874 548 891 ab
557 874 635 897 ipsoque
648 874 756 891 cancellario
770 877 787 891 et
802 874 841 897 ejus
857 874 929 891 officiali
943 880 976 891 seu
991 874 1116 891 commissario

181 907 203 924 ad
219 913 259 928 vos,
274 907 348 924 domine
364 907 446 924 officialis
462 907 550 930 predicte,
565 913 587 924 ex
601 911 652 931 parte
671 913 828 930 quorumcumque
841 907 909 924 ibidem
925 907 947 924 ad
958 907 1048 930 judicium
1063 907 1116 924 etiam

181 941 199 957 in
216 944 256 958 actu
270 940 367 958 scolastico
381 934 498 958 evocatorum
512 944 596 964 tanquam
611 941 670 964 ipsius
683 940 752 958 domini
767 940 870 958 cancellarii
885 944 903 957 et
916 941 956 963 ejus
966 940 1050 957 officialis
1064 946 1117 964 supe-

181 973 249 992 riorein
259 977 319 997 potest
330 977 347 991 et
357 974 401 991 licet
410 974 498 997 appellari
507 977 543 991 tam
554 974 576 991 de
587 974 629 997 jure
643 980 697 997 quam
711 974 733 991 de
743 980 778 991 usu
788 977 806 991 et
816 974 889 997 antiqua
899 979 919 991 ac
929 973 1027 997 approbata
1042 979 1117 991 consue-

182 1007 245 1024 tudine
254 1006 305 1028 ville,
315 1007 394 1024 civitatis
404 1010 423 1024 et
432 1007 512 1024 diocesis
521 1007 638 1028 Parisiensis,
649 1007 668 1024 in
675 1007 707 1030 jus
716 1012 769 1024 versa
778 1010 797 1024 et
806 1007 858 1024 etiarn
869 1007 951 1030 legitime
961 1007 1068 1030 prescripta.

226 1041 271 1057 Item
281 1040 332 1063 quod
341 1046 375 1057 vos
385 1043 403 1057 et
412 1040 555 1063 predecessores
568 1040 625 1057 vestr-i
637 1040 723 1057 officiales
736 1040 849 1057 Parisienses
860 1040 905 1057 estis
916 1043 933 1057 et
945 1040 1006 1057 fuistis
1016 1043 1035 1057 et
1043 1040 1118 1057 suerunt

182 1073 200 1090 in
217 1073 337 1096 possessione
353 1073 382 1090 vel
399 1073 452 1096 quasi
468 1073 600 1096 appellationes
616 1073 734 1096 interpositas
750 1073 912 1096 qualitercumque,
930 1077 949 1090 et
964 1079 986 1090 ex
997 1079 1117 1096 ,quacumque

181 1112 236 1124 causa
245 1112 255 1123 a
265 1107 318 1124 dictis
330 1106 403 1123 domino
417 1107 525 1123 cancellario
538 1110 556 1124 et
567 1106 640 1124 officiali
651 1113 685 1124 suo
698 1113 718 1124 ac
731 1106 894 1130 predecessoribus
905 1107 1012 1125 eorumdem
1021 1112 1031 1123 a
1042 1107 1117 1129 quihus-

181 1146 260 1163 oumque
273 1140 359 1163 personis
368 1140 390 1157 ad
399 1146 433 1157 vos
447 1143 465 1157 et
476 1140 618 1163 predecessores
627 1143 700 1157 vestros
710 1140 797 1157 officiales
807 1140 920 1157 Parisienses
932 1143 951 1157 et
959 1140 1028 1157 curiam
1039 1143 1116 1157 vestram

182 1173 304 1190 Parisiensem
316 1173 425 1196 recipiendi,
438 1173 534 1190 inhibendi
545 1176 562 1190 et
572 1173 697 1196 cognoscendi
709 1176 727 1190 et
736 1173 772 1190 fine
782 1173 844 1190 debito
855 1173 983 1190 demandandi>
997 1173 1018 1189 Et
1028 1173 1117 1196 premissa

182 1206 242 1223 omnia
257 1209 275 1223 et
289 1206 363 1229 singula
378 1210 423 1223 sunt
434 1212 484 1228 vera,
498 1206 577 1227 notoria,
592 1206 693 1225 manifesta.
709 1209 727 1223 et
741 1212 762 1223 ea
778 1209 925 1229 recognoverunt
942 1206 985 1223 dicti
1000 1206 1085 1228 appellati
1100 1209 1118 1223 et

182 1245 245 1256 eorum
260 1239 338 1262 quilibet
352 1245 412 1256 coram
426 1239 480 1256 bonis
494 1239 563 1262 pluries
577 1239 660 1262 legitime
674 1239 712 1256 sore
726 1245 769 1256 vera
781 1239 827 1256 sama
840 1239 913 1261 publica
923 1245 945 1256 ex
954 1239 1047 1256 communi
1057 1245 1117 1256 asser-

182 1272 232 1289 tione
242 1272 305 1295 populi
315 1272 350 1289 hoe
360 1275 456 1289 testantur.
468 1272 528 1294 Quare
539 1275 603 1295 petunt
612 1272 656 1289 dicti
666 1272 778 1295 appellantes
789 1278 822 1295 per
830 1278 869 1294 vos,
881 1272 954 1289 domine
960 1272 1018 1295 judex
1028 1272 1117 1295 predicte,

182 1305 300 1328 pronunciari
313 1309 330 1322 et
343 1305 432 1322 declarari
447 1305 506 1322 dictos
520 1305 648 1330 cancellarium
659 1309 677 1322 et
689 1305 797 1328 magistrum
810 1306 882 1322 Petrum
894 1309 989 1329 gerentem
1001 1311 1020 1323 se
1033 1312 1066 1329 pro
1077 1306 1117 1328 ejus

182 1338 255 1355 officiali
268 1344 302 1355 seu
316 1338 442 1355 commissario
453 1338 535 1361 legitime
547 1341 641 1355 recusatos
652 1338 711 1355 fuisse
723 1345 756 1361 per
766 1339 879 1362 appellantes
891 1339 990 1362 predictos,
1007 1342 1024 1356 et
1036 1345 1117 1362 pronun-

183 1372 227 1391 ciari
237 1375 255 1389 et
265 1372 353 1389 declarari
365 1372 445 1389 finalitez⁴
459 1372 596 1398 ipsostactores
612 1372 652 1393 rite,
666 1372 723 1395 juste,
737 1372 819 1396 legitime
832 1376 851 1390 et
861 1373 948 1390 canonice
960 1372 1029 1391 advos
1042 1379 1065 1390 ex
1076 1379 1118 1396 pre-

183 1406 244 1423 missis
258 1405 367 1428 appellasse,
379 1406 475 1429 dictosque
486 1406 587 1428 appellatos
597 1411 639 1423 reos
649 1405 695 1429 ipsis
705 1406 796 1423 actoribus
806 1406 941 1429 appellantibus
952 1406 972 1422 in
982 1406 1068 1429 expensis
1078 1406 1118 1423 suis

182 1439 264 1462 legitime
277 1439 329 1456 sactis
343 1442 361 1456 et
372 1439 461 1456 faciendis
474 1439 493 1455 in
506 1439 539 1456 lite
551 1439 634 1462 presenti
645 1439 811 1462 condempnaturos
821 1445 843 1456 ex
855 1439 915 1456 causis
925 1442 943 1456 et
953 1439 1055 1456 rationibus
1068 1442 1118 1456 ante—

183 1472 243 1493 dictis,
259 1475 277 1489 et
291 1472 327 1489 sibi
338 1472 431 1495 justiciam
445 1472 484 1489 fieri
499 1478 555 1495 super
569 1472 653 1489 omnibus
667 1475 685 1489 et
698 1471 777 1495 singulis
787 1472 883 1495 premissis
894 1475 913 1489 et
924 1472 1011 1489 canonice
1024 1472 1118 1495 provideri

183 1505 255 1523 meliori
269 1506 324 1523 modo
339 1511 375 1528 qno
390 1505 430 1522 fieri
445 1505 512 1528 poterit
524 1508 543 1522 et
554 1505 636 1527 debebit,
650 1505 728 1522 officium
743 1508 823 1522 vestrum
836 1505 854 1522 in
867 1505 963 1528 premissis
973 1505 1088 1528 implorando
1098 1505 1118 1521 in
