1308 1835
184 208 218 225 484
474 214 633 226 cinni-untmun
650 214 743 225 umvnnst
761 214 825 226 PARIS.
1068 209 1119 228 [1339

185 251 273 269 scolarem
283 251 361 274 aliquem
373 251 481 274 cognoverit
489 257 522 268 seu
533 251 623 268 audiverit
635 245 720 268 decetero
731 251 754 267 de
769 251 843 272 talibus,
855 255 876 268 ut
887 252 1004 274 premittitur,
1017 252 1046 269 vel
1059 251 1119 269 consi-

186 284 260 302 milibus
270 290 302 307 per
313 290 348 307 que
358 288 421 307 posset
431 284 489 307 ipsius
499 284 544 301 sarna
555 284 630 301 Ordinis
641 284 767 301 verisimiliter
780 284 872 307 denigrari
883 288 913 302 aut
927 285 1032 302 scandalum
1045 285 1119 307 aliquod

186 317 272 338 suboriri,
286 317 394 340 culpabilem
408 318 437 334 vel
449 317 558 334 diffamatum
569 317 673 335 notabiliter
686 317 716 335 vel
728 321 840 340 suspectum,
853 323 894 334 cum
908 318 991 340 magistri
1005 318 1087 341 regentis
1101 321 1120 335 et

186 350 323 368 bacallariorum
338 351 416 368 consilio
431 351 490 374 ipsum
504 351 526 368 ad
536 351 629 374 proprium
644 351 775 368 monasterium
788 351 873 368 celeriter
886 356 923 368 nou
937 351 1008 368 differat
1020 351 1118 372 destinare,

186 390 258 401 causam
268 384 384 401 remissionis
393 384 453 407 ipsius
462 384 522 401 abbati
533 384 572 401 sine
582 385 687 407 palliatione
696 391 810 408 quacumque
820 391 852 408 per
862 385 932 402 litteras
941 384 1067 407 exprimendo.
1082 385 1119 401 Nec

186 420 245 434 tamen
255 420 349 440 presumat
357 417 453 440 quisquam
464 417 519 435 abbas
532 418 592 435 taliter
602 418 698 435 remissurn
708 418 730 434 ad
740 418 815 440 aliquod
824 418 903 435 officium
912 418 999 434 deeetero
1013 417 1053 434 sine
1063 423 1120 440 gene-

186 450 229 467 ralis
238 450 319 473 Capituli
328 450 401 468 licentia
412 457 526 474 promovere,
537 451 623 474 quinymo
633 451 694 474 ipsum
703 456 736 473 per
749 451 909 468 incarcerationem
922 451 951 468 vel
961 451 1005 468 alias
1018 450 1120 468 secundum

186 484 244 507 ipsius
254 482 342 501 demerita
352 484 413 502 taliter
421 485 484 508 puniat
494 484 543 508 quod
553 484 609 501 ceteri
619 484 684 501 merito
695 487 802 501 terreantur.

230 518 282 539 Item,
294 517 413 539 insolencias,
425 517 558 535 dissolutiones
571 520 587 534 et
600 517 690 534 novitates
701 517 792 534 indebitas
807 517 824 533 iu
840 517 931 540 aliquibus
946 517 1088 535 solennitatibus
1100 517 1120 534 in

186 550 250 567 Sancto
261 551 354 568 Bet-nardo
364 557 374 567 a
384 550 463 573 singulis
474 550 577 567 nationibus
587 550 606 566 in
617 550 706 571 serviciis¹
715 550 733 566 in
741 550 891 571 comestionibus=
900 550 955 571 lud-is,
965 550 1068 573 ineptisque
1076 556 1120 567 con-

185 583 283 601 venticulis
291 583 327 601 hiis
338 583 451 607 temporibus
464 583 505 600 (ieri
518 583 618 605 consuetis⁷
629 586 703 606 propter
717 589 753 606 que
767 583 842 600 maxima
854 583 952 606 insurgunt
966 579 985 600 et
996 583 1120 600 verisimiliter

185 620 263 640 possunt
272 617 370 640 insurgere
384 616 509 634 discriminum
524 616 610 639 periculav
626 616 718 633 enervatio
728 616 803 633 Ordinis
817 616 919 640 disciplina,
935 616 1039 639 bonumque
1053 622 1120 633 nomen

185 653 203 667 et
212 651 304 673 profectus
316 650 428 667 studentium
438 650 532 671 minuitur,
543 650 630 667 aborrens
639 653 659 667 et
667 650 760 667 detestans
770 650 874 673 Capitulum
881 649 967 673 generale
977 650 1022 667 istas
1030 650 1120 667 novitates

185 689 204 700 ac
215 683 348 700 dissolutiones
357 683 442 700 decetero
454 683 495 700 fieri
507 683 592 706 prohibet
601 683 621 700 in
632 683 681 700 dicto
692 683 753 700 studio
765 683 784 700 in
793 683 882 704 futurum3
898 683 1007 706 quicumque
1022 689 1066 700 vero
1078 689 1121 706 pre—

185 717 239 734 missa
250 717 396 739 presumpserint
406 717 490 733 decetero
501 720 613 740 attemptare,
624 722 633 733 n
643 717 692 734 dicto
702 717 763 734 studio
773 717 852 733 toraliter
865 716 986 739 expellentur,
1001 722 1035 733 nec
1050 717 1120 734 eisdem

185 750 207 767 ‹le
217 750 320 767 communis
330 749 386 766 burse
396 749 498 767 substantia
507 749 576 772 aliquid
586 749 664 767 ulterius
674 750 793 766 ministretur.

229 783 281 804 Item,
292 783 368 800 eundem
379 788 443 806 penam
454 778 556 800 sustineant
566 783 670 806 quicunque
680 783 699 799 in
710 783 818 806 quibusdam
827 783 964 804 festivitatibus„
974 783 994 799 in
1004 783 1080 800 cameris
1091 783 1120 800 vel

184 816 234 837 alibi³
245 816 264 833 in
273 816 322 833 dicto
333 816 394 833 studio
404 816 469 833 ludere
479 822 512 833 seu
522 816 566 833 alias
575 816 678 833 inordinate
689 822 709 833 sc
720 816 787 833 babere
796 822 829 833 seu
840 822 903 833 coreas
913 822 945 839 per
956 817 1016 833 curias
1026 816 1055 833 vel
1062 816 1120 839 jardi-

185 855 220 866 nos
229 855 269 866 cum
282 850 410 867 instrumentis
424 849 543 867 musicalibus
557 850 631 870 ducere,
645 853 675 866 aut
690 856 729 866 cum
745 850 799 867 larvis
813 850 842 866 vel
855 850 916 871 armis,
933 850 1042 873 quandoque
1057 849 1120 866 habitu

185 883 301 906 superposito
312 883 396 904 seculari,
407 883 436 900 vel
446 889 479 906 per
489 883 615 900 dormitorium
626 883 648 900 de
657 886 709 900 nocte
720 883 823 900 discurrere
834 886 851 900 et
860 883 907 900 alios
914 883 1016 906 inquietare
1024 889 1120 906 presump-

184 916 242 933 serint
251 916 270 932 in
280 916 367 937 futurum,
378 916 477 939 nullusque
487 916 575 933 secularis
585 916 666 939 predicta
676 916 803 937 instrumenta⁷
814 922 849 939 que
858 916 954 939 religionis
965 916 1038 939 puritati
1048 920 1120 933 contra-

185 949 253 969 dicunt,
264 949 298 966 sub
309 949 362 972 penis
372 949 460 972 predictis
470 949 535 966 audeat
544 949 630 966 decetero
639 955 748 967 conservare
758 949 793 966 sub
803 955 849 972 pena
861 949 946 972 superius
959 949 1057 966 nominata.
1070 949 1120 966 Inhi-

185 982 216 1000 bet
225 982 360 1000 districtissime
371 982 419 1000 idem
430 983 534 1006 Capitulum
543 988 567 999 ne
576 982 630 999 alicui
640 983 663 999 ad
672 982 765 999 Frauciam
775 983 794 999 in
804 983 870 1000 Sancto
880 982 973 1000 Ber-nardo
983 982 1064 1000 venienti
1076 988 1120 1006 pro>

184 1016 267 1033 videatur
277 1021 309 1039 per
319 1015 397 1039 aliquem
409 1016 431 1032 de
442 1021 511 1033 camera
521 1021 554 1033 seu
565 1016 658 1039 confugiO,
668 1016 705 1033 nisi
715 1021 748 1039 per
757 1016 871 1039 provisorem
884 1015 928 1033 dicti
941 1016 976 1033 loci
990 1019 1008 1033 et
1021 1016 1119 1033 consilium

186 1055 263 1072 persone
274 1049 400 1066 sufficientiam
411 1049 532 1072 meritumque
541 1049 623 1072 requirat
632 1049 690 1072 palam
698 1049 721 1066 ab
731 1049 816 1066 omnihus
825 1049 845 1066 in
854 1049 939 1070 consilio,
950 1049 1017 1071 auxilio
1032 1052 1050 1066 et
1063 1049 1120 1066 collo-

185 1082 228 1105 quio
236 1082 316 1099 totaliter
323 1083 402 1099 evitetur
410 1082 444 1099 suh
452 1082 505 1105 penis
512 1082 624 1099 antedictis'.
632 1082 697 1099 Nullus
705 1082 759 1099 etiam
766 1082 835 1099 ibidem
844 1086 905 1099 teneat
911 1082 998 1099 famulum
1007 1082 1119 1099 servientem

184 1115 213 1133 vel
224 1116 331 1138 scriptorem
342 1115 378 1132 uisi
387 1121 421 1138 pro
431 1115 463 1132 illo
473 1115 602 1137 inbursaverit,
611 1115 693 1138 exceptis
702 1115 805 1132 hacallariis
818 1119 849 1132 aut
861 1115 934 1138 publice
949 1115 1062 1138 legentibus,
1075 1115 1120 1132 alio-

185 1149 229 1172 quin
238 1149 293 1166 bonis
302 1149 419 1166 comunitatis
429 1152 488 1165 careat
498 1149 607 1172 quicumque
617 1148 660 1166 huic
670 1149 739 1166 salubri
750 1152 816 1166 statuto
827 1148 908 1165 noluerit
921 1148 1004 1165 obedire.
1019 1148 1119 1166 Cellerurio

185 1188 228 1199 vcro
238 1182 282 1199 dicti
292 1182 349 1199 studii
359 1182 407 1199 idem
418 1182 521 1205 Capitulum
531 1182 608 1205 precipit
618 1182 637 1199 in
647 1182 714 1199 virtute
724 1185 786 1199 sancte
795 1182 900 1199 obedientie
912 1182 998 1204 quatinus
1013 1182 1063 1198 omni
1074 1185 1121 1199 tem-

186 1221 236 1238 pore,
244 1219 279 1232 tam
289 1215 355 1238 yemali
363 1221 416 1238 quam
424 1215 489 1236 estivo,
498 1215 601 1232 immediate
611 1218 682 1232 cantato
692 1215 811 1238 completorio
821 1218 882 1237 portas
893 1215 936 1231 dicti
945 1214 981 1231 loci
990 1215 1050 1231 claudi
1060 1215 1118 1236 saciat,

186 1254 208 1265 ne
218 1248 314 1271 quisquam
324 1252 417 1271 presumat
426 1251 489 1271 postea
500 1248 577 1265 seculari
588 1248 684 1265 occasione
694 1254 821 1270 quemcunque
829 1247 897 1264 ibidem
907 1248 993 1265 retinere.
1003 1248 1118 1265 Contrarium

185 1281 272 1298 facientes
282 1287 334 1304 pane=
345 1281 388 1298 vino
398 1285 416 1298 et
425 1281 503 1304 pitancia
513 1281 607 1309 priveptur
617 1281 697 1298 totaliter
707 1287 742 1298 una
753 1281 820 1298 diek...

229 1314 319 1331 Generale
328 1314 432 1337 Capitulum
442 1314 519 1337 precipit
529 1317 546 1331 et
556 1314 635 1337 injungit
645 1317 665 1331 ut
674 1314 743 1337 singuli
753 1314 856 1331 sacerdotes
864 1314 883 1331 in
891 1314 939 1331 dicto
947 1314 1008 1332 studio
1016 1314 1119 1331 residentes

185 1347 242 1365 semel
252 1347 274 1364 ad
284 1347 345 1364 minus
355 1347 374 1364 in
388 1347 480 1370 quindena
495 1347 578 1364 confiteri
588 1351 606 1364 et
618 1347 718 1369 celebrare,
733 1348 787 1364 etiam
802 1354 838 1365 non
852 1348 957 1365 sacerdotes
971 1348 1056 1365 similiter
1069 1354 1119 1364 com-

186 1381 278 1398 municare
288 1384 390 1398 teneantur.

231 1421 265 1433 Bibl.
270 1422 298 1433 nnn.
305 1421 348 1433 Parin.
355 1425 380 1433 mn.
388 1421 412 1434 lat
419 1421 462 1436 10894,
470 1422 492 1434 ἰιιΔ
501 1422 528 1434 188.
533 1428 549 1431 —
555 1422 590 1434 Haec
596 1423 646 1434 natum
653 1422 700 1434 demut
707 1421 721 1434 iu
728 1421 762 1434 Bibt
769 1422 807 1434 Caes.
812 1421 867 1434 Vindoh.
874 1425 899 1434 mu.
908 1422 931 1433 ln.
939 1422 975 1436 ΖΗΔ,
982 1425 990 1433 e
997 1425 1023 1437 quo
1030 1421 1085 1436 Winuoe,
1091 1421 1118 1433 Bi:

184 1443 283 1456 cistsrcienser
288 1444 311 1456 ἄιε
318 1443 386 1456 nordfixll.
393 1443 501 1459 Demschlands,
509 1444 532 1458 ΙΙΙ,
540 1444 564 1456 2⁹8
570 1448 590 1460 nq-
599 1444 644 1456 Simile
652 1444 715 1461 qui-idam
722 1444 779 1456 retertur
786 1443 818 1456 ibid.
825 1444 842 1456 ud
849 1448 871 1456 ant
879 1444 914 1459 ¹³4¹,
920 1448 935 1459 p.
943 1444 971 1455 ³00,

230 1484 241 1496 1.
251 1484 265 1496 ιιι
272 1483 334 1500 Cupitulo
340 1484 399 1500 gem-u
405 1484 436 1496 mi
443 1484 510 1500 sequentis
517 1484 578 1496 omnum
586 1484 657 1496 abbatibus
665 1484 736 1498 inhibetur,
744 1488 760 1496 η,
767 1484 825 1496 numu
832 1488 855 1496 ω.
860 1483 928 1495 „hoium
935 1483 993 1498 mitum.
1001 1483 1024 1499 qui
1030 1487 1057 1495 mm
1063 1483 1118 1495 nna-m
