1308 1835
159 205 193 224 464
451 214 611 225 cnuvrvnmzum
628 214 806 226 nmvsns.mn1S.
1046 209 1095 228 [1336

160 251 230 273 prefati,
246 251 322 268 firmiter
336 251 466 274 astringantur
480 254 499 267 et
512 251 535 268 ad
544 256 574 268 eas
585 250 689 272 solvendas,
699 251 748 267 sicut
761 251 784 267 de
798 251 838 267 aliis
851 251 968 268 studentibus
978 252 1015 274 jam
1027 251 1095 284 dietum

160 284 239 301 seriatim
251 287 268 301 et
278 283 394 301 modificatim
405 284 472 305 existit¹
483 290 516 306 per
526 284 585 306 ipsum
596 283 675 306 priorem
686 283 757 300 valeant
766 283 859 300 coarctari

204 317 262 333 Porro
276 317 373 334 statuimus
387 320 405 333 et
418 317 532 338 ordinamus
542 317 592 340 quod
605 317 676 334 nullus¹
689 317 712 333 de
725 316 793 333 Ordine
807 322 840 333 seu
851 317 942 339 religione
955 316 1062 339 hujusmodi
1073 317 1095 334 ad

161 349 286 372 recipiendum
301 349 418 373 magistratus
434 355 467 366 seu
479 349 584 367 doctoratus
598 350 686 367 honorem
698 350 783 367 deeetero
798 353 906 371 assumatur,
923 349 960 366 nisi
973 350 1050 372 prestito
1063 356 1096 372 per

161 388 202 400 eum
212 383 296 405 primitus
305 383 410 406 juramento
419 383 439 399 in
448 383 541 406 presentia
552 383 595 400 dicti
609 383 677 406 prioris
687 383 807 404 studentium,
819 389 840 400 ac
853 383 949 400 duodecim
964 382 1063 405 proborum
1079 386 1096 399 et

161 416 282 433 discretorum
292 421 315 432 ex
328 416 446 433 studentibus
458 416 561 437 antedictis,
572 416 621 438 quod
630 416 650 433 in
663 416 788 438 assumptione
803 416 861 439 ipsius
875 415 951 433 honoris
965 415 995 432 vel
1008 419 1049 432 ante
1063 421 1096 432 seu

161 452 203 472 post
212 450 253 472 ejus
262 449 365 469 occasione.
377 448 424 466 circa
435 449 493 471 cibos,
504 452 571 470 vestes.
582 449 611 466 vel
622 449 656 466 alia
666 455 702 466 non
713 449 804 472 expendet
813 455 845 472 per
855 455 875 466 se
885 449 913 467 vel
924 449 986 470 alium,
997 449 1096 466 undecum-

161 488 196 505 que
206 482 296 503 habuerit„
307 482 336 499 vel
346 483 402 499 fuerit
411 482 446 499 sibi
457 483 524 503 datum,
536 488 569 499 nee
579 485 666 505 quantum
677 482 695 499 iu
705 488 726 499 eo
737 482 792 499 fuerit
802 483 879 505 expendi
890 483 981 505 permittet
991 482 1037 499 ultra
1048 482 1096 499 valo-

162 521 200 533 rem
211 516 287 532 duorum
299 516 377 533 millium
390 515 518 532 turonensium
532 515 603 538 argenti
618 514 640 532 ab
650 515 691 532 aliis
703 515 756 532 etiam
771 515 810 532 suis
824 515 967 538 consanguineis
982 516 1011 532 vel
1027 516 1095 533 amicis.

162 548 190 565 Illi
200 549 260 570 etiam,
270 549 301 572 qui
312 549 334 566 ad
344 549 462 565 baccalariam
473 548 566 565 extiterint
575 548 688 569 assumendi=
701 552 783 571 prestare
798 551 893 565 teneantur
907 548 992 565 similiter
1003 549 1096 571 juramen-

161 585 198 598 tum
208 581 227 598 in
236 582 328 604 presentia
344 581 411 604 prioris
425 581 543 602 studentium,
555 584 573 598 et
587 581 684 598 duodecim
697 581 796 604 proborum
810 585 828 598 et
842 582 963 598 discretorum
978 581 1095 604 prefatorum,

162 615 212 637 quod
220 614 325 637 hujusmodi
336 614 365 631 sui
375 614 505 631 bacealariatus
515 617 598 637 pretextu
611 615 650 637 ipsa
660 614 696 635 die,
708 621 742 637 qua
754 615 848 637 incipient,
858 614 888 632 vel
897 617 938 631 ante
951 620 984 631 seu
998 618 1045 637 post,
1055 614 1096 631 nul-

162 647 199 664 lum
209 648 275 665 festum
286 653 319 664 seu
329 647 433 665 convivium
443 648 509 664 facient
519 654 551 670 per
562 653 582 664 se
592 647 621 665 vel
629 648 684 664 alium
694 654 726 665 seu
737 647 789 668 alios,
798 651 828 665 aut
838 647 877 664 fleri
887 648 993 671 permittent
1001 654 1011 664 a
1020 648 1096 670 quibus-

162 687 240 704 cumque
250 681 291 697 aliis
301 686 364 698 eorum
376 681 518 704 consanguineis
528 681 558 698 vel
567 681 636 698 amicis,

207 714 278 731 Rursus
288 714 385 731 statuimus
395 717 413 731 et
422 714 535 735 ordinamus,
546 714 595 737 quod
605 714 716 737 quicumque
726 714 784 737 ipsius
794 714 870 731 Ordinis
879 720 912 731 seu
923 714 1026 737 religionis,
1037 714 1068 737 qui
1079 715 1096 731 in

163 747 211 764 dicto
221 747 320 764 Parisiensi
330 747 359 764 vel
369 747 388 764 in
398 747 459 770 aliquo
472 747 508 764 alio
517 747 599 770 generali
614 747 680 764 studiis
693 753 726 770 per
740 753 772 764 sex
785 753 843 764 annos
857 748 876 764 in
889 747 928 764 sola
940 753 992 764 sacra
1005 747 1096 770 theologia

163 780 273 801 studuerint,
284 780 303 797 in
313 780 354 797 aliis
364 780 446 797 scientiis
456 780 554 803 primitivis
565 780 615 803 prius
626 780 736 797 sufficienter
746 780 837 802 instructi¹
848 784 866 797 et
875 780 918 797 alias
929 780 951 797 ad
961 780 995 797 hoo
1005 780 1097 797 sufficien-

164 816 196 839 tes¹
201 816 219 831 et
228 813 295 836 ydonei
305 813 379 834 suerint,
390 814 463 836 possint
472 813 491 830 in
501 813 541 836 ipso
552 813 652 830 Parisiensi
662 813 722 830 studio
732 819 798 830 cursus
808 817 906 830 consuetos
916 813 975 830 Biblie
985 814 1051 830 facere.
1062 814 1096 835 Qui

163 852 206 863 vero
218 852 250 869 per
259 850 300 863 octo
311 852 369 863 annos
379 846 398 863 in
408 847 446 863 sola
457 846 549 870 theologia
559 846 668 868 studuerint,
680 850 698 863 ut
709 847 805 869 prefertur⁷
815 847 882 863 librum
893 847 1026 864 Sententiarum
1034 847 1096 869 legere

163 880 234 897 valeant
248 880 266 896 in
280 880 379 897 Parisiensi
394 880 454 897 studio
468 880 564 903 prelibato,
579 883 597 897 et
609 880 659 903 quod
673 880 691 896 in
705 880 769 897 eodem
783 880 881 897 Parisiensi
899 883 916 897 et
930 886 1044 903 quocumque
1060 880 1095 896 alio

163 913 231 934 studio,
242 913 261 929 in
270 919 307 936 quo
317 913 339 930 ad
350 913 474 936 magisterium
484 914 503 930 in
513 913 605 936 theologia
615 913 655 936 ipsa
663 913 736 930 licentia
744 913 782 930 dari
790 913 911 934 consueverit,
920 919 961 930 curn
969 913 1021 936 digni
1029 913 1096 936 reperti

163 946 185 963 ad
195 946 229 963 hoc
240 946 339 967 extiterint,
348 946 371 963 ad
381 946 506 969 magisterium
516 950 535 963 et
543 946 657 963 docte-ratum
667 946 686 963 in
696 946 743 963 dieta
754 946 854 968 dneologia;
863 949 880 963 et
887 945 1017 963 nichilominus
1025 946 1047 962 ad
1055 946 1096 962 bac-

163 979 274 1001 ealariatum,
283 979 381 1000 licentiam,
392 979 525 1002 magisterium,
535 985 568 996 seu
578 979 691 996 doctoratum
702 982 719 996 et
728 979 815 996 lecturam
823 979 871 1002 juris
884 979 967 996 canonici
982 979 1020 996 sive
1033 979 1096 996 decro-

163 1016 222 1029 torum
232 1013 252 1029 in
261 1013 325 1029 eodem
336 1012 442 1033 Parisiensi,
453 1016 471 1029 et
480 1012 563 1035 quolibet
571 1012 606 1029 alio
618 1012 685 1033 studio,
696 1012 715 1029 in
722 1018 778 1035 eappa
786 1018 819 1029 sue
827 1012 912 1035 religioni
920 1012 1035 1036 congruenti,
1045 1012 1095 1029 dum-

163 1045 217 1062 modo
228 1045 340 1062 sufficientes
350 1049 368 1062 et
377 1045 444 1068 ydonei
454 1045 530 1065 suerint:
541 1051 562 1062 uc
571 1045 598 1062 illi
608 1045 639 1069 qui
650 1045 672 1062 ad
682 1045 819 1062 bacealarintum
830 1048 847 1062 et
856 1045 879 1062 ad
887 1045 985 1069 legendum
995 1045 1095 1062 decretales

162 1078 188 1095 ibi
198 1079 266 1095 assumi
276 1078 375 1100 voluerint,
385 1082 403 1095 et
412 1078 431 1095 in
441 1079 481 1102 ipso
495 1078 593 1096 Parisiensi
603 1078 632 1096 vel
645 1078 711 1102 quovis
720 1078 755 1096 alio
770 1078 851 1102 generali
866 1078 927 1096 studio
940 1078 1044 1096 audiverint
1055 1079 1095 1101 jura

162 1111 249 1129 canonica
259 1117 292 1135 per
302 1117 334 1129 sex
344 1117 408 1133 annos,
419 1111 442 1129 de
452 1111 520 1135 quibus
530 1117 563 1135 per
572 1115 609 1129 tres
619 1117 677 1129 annos
687 1111 709 1129 ad
719 1112 779 1129 minus
789 1112 892 1129 audiverint
904 1112 1004 1132 decretum,
1016 1117 1049 1128 nec
1059 1117 1095 1128 non

162 1145 189 1162 illi
199 1145 230 1168 qui
240 1145 262 1162 ad
272 1144 398 1168 magisterium
411 1145 431 1162 in
444 1145 523 1162 decretis
535 1145 564 1162 vel
576 1145 599 1162 ad
612 1145 698 1162 lecturam
710 1145 823 1162 decretorum
834 1145 902 1162 assumi
915 1145 1007 1162 voluerint
1022 1144 1040 1161 in
1055 1150 1095 1168 pre-

162 1178 197 1195 fato
208 1178 307 1195 Parisiensi
317 1178 385 1199 studio,
397 1182 414 1195 et
423 1178 449 1195 ibi
458 1179 488 1195 vel
498 1179 516 1195 in
527 1178 562 1195 alio
571 1178 654 1201 generali
663 1178 724 1195 studio
731 1179 773 1201 jura
783 1178 869 1195 canoniea
878 1182 899 1195 ut
907 1178 1007 1195 baccalarei
1018 1177 1095 1201 legerint

162 1217 195 1234 per
204 1211 286 1234 quinque
295 1217 360 1232 annos,
372 1214 389 1228 et
399 1212 421 1228 de
432 1211 466 1228 hoc
476 1211 535 1234 primo
543 1211 597 1228 sidem
605 1211 683 1228 fecerint
690 1217 722 1234 per
729 1217 793 1228 eorum
801 1211 895 1234 proprium
904 1214 922 1228 et
933 1211 1011 1228 duorum
1019 1210 1095 1228 aliorum

160 1244 365 1267 juramentum‚ahsque
374 1244 460 1261 dilatione
469 1247 487 1261 et
497 1244 601 1261 difficultate
611 1244 700 1261 malitiosa
711 1247 729 1261 et
738 1244 868 1267 impedimento
879 1243 1026 1267 quibuscumque
1037 1244 1095 1261 libere

162 1277 285 1298 admittantur,
296 1277 344 1294 sicut
353 1278 410 1294 ceteri
419 1277 482 1294 cleriei
492 1277 585 1294 seculares
595 1276 663 1293 ibidem
673 1280 809 1294 consueverunt
817 1277 886 1294 admitti
898 1283 901 1294 :

206 1311 246 1327 Non
256 1310 372 1327 obstantibus
383 1305 533 1333 quibuscumque
539 1310 611 1327 statutis
621 1313 638 1327 et
649 1310 813 1327 consuetudinibus
823 1310 975 1328 monasteriorum
989 1314 1006 1327 et
1019 1311 1094 1327 aliorum

162 1344 244 1360 locorum
254 1343 337 1366 ejusdem
348 1342 423 1360 Ordinis
434 1349 467 1360 seu
477 1343 579 1366 religionis,
590 1343 699 1360 Parisiensis
709 1346 726 1360 et
735 1343 812 1360 aliorum
822 1344 924 1361 studiorum
938 1349 1094 1367 quorumcumque

162 1376 385 1399 contrariis,juramentis,
395 1376 564 1394 confirmationibus
573 1376 686 1400 apostolicis,
696 1380 715 1394 et
721 1377 817 1400 quibusvis
825 1377 940 1394 firmitatibus
948 1377 990 1394 aliis
998 1377 1094 1398 roboratis,

162 1412 180 1427 et
189 1409 226 1427 illis
236 1410 332 1433 presertim
344 1410 421 1430 statutis,
433 1410 500 1433 quibus
512 1409 532 1427 in
542 1410 606 1427 eodem
619 1409 718 1427 Parisiensi
732 1410 792 1427 studio
807 1410 867 1427 caveri
881 1410 954 1431 dicitur,
969 1410 1019 1433 quod
1033 1410 1094 1426 nullus

162 1443 221 1467 possit
229 1442 292 1467 legere
302 1449 377 1460 cursum
387 1443 453 1464 Biblie,
464 1443 500 1461 nisi
509 1443 601 1461 studuerit
610 1443 655 1460 inihi
665 1446 734 1466 septem
745 1443 806 1464 annis3
817 1448 850 1460 nec
865 1443 977 1466 permittatur
993 1443 1094 1460 Sententias

161 1476 230 1500 legere,
238 1476 275 1494 nisi
285 1477 338 1494 etiam
348 1476 394 1494 inibi
405 1476 496 1494 studuerit
505 1476 567 1493 decem
575 1477 636 1497 annis;
645 1476 731 1499 quodque
742 1476 803 1493 nullus
811 1482 897 1493 monacus
903 1476 933 1493 vel
941 1476 1040 1499 religiosus
1048 1476 1094 1493 alius
