1308 1835
207 205 256 224 1322]
409 214 432 224 im
448 214 501 225 tutuo
517 214 635 225 ucczxxxvn
653 214 718 227 usone
735 213 759 224 An
776 213 845 224 ,mrum
862 213 933 225 necetn
1107 212 1138 228 261

207 248 313 272 Respondet
327 249 377 272 quod
391 249 447 266 nichil
461 250 507 267 vidit
521 250 569 273 quod
585 250 630 267 alios
644 250 726 267 infirmos
742 250 823 267 visitaret
837 253 953 272 preterquam
967 250 1032 272 ipsam,
1048 251 1080 267 sed
1096 251 1140 267 dicit

207 281 257 304 quod
269 281 340 299 audivit
351 282 386 299 dici
399 282 448 305 quod
458 282 504 299 alios
513 283 596 299 infirmos
606 283 682 303 curavit,
692 283 778 299 videlicet
788 283 888 299 „Iohannem
899 282 922 299 de
933 283 998 299 Sancto
1007 282 1112 299 Audomaro
1122 286 1140 299 et

207 314 270 338 plures
283 315 329 332 alios
344 321 389 338 quos
403 321 440 332 non
452 315 504 332 novit
513 315 532 332 in
541 316 613 332 civitate
627 316 708 332 Parisius
720 319 738 332 et
747 316 765 332 in
775 316 817 332 villa
828 321 847 332 ac
858 316 876 332 iu
887 315 988 332 suburbiis,
1001 316 1114 338 Interrogata
1123 316 1139 332 si

207 354 247 365 eam
259 348 340 365 visitavit
353 354 406 365 causa
418 347 498 365 habendi
510 348 605 370 pecuniam
619 348 648 365 vel
661 348 724 370 gratis.
739 348 838 371 respondet
850 349 889 371 ipsa
902 348 951 370 quod
961 348 1008 365 dicte
1018 348 1085 365 Jacobe
1094 353 1139 364 nun-

207 387 260 404 quam
273 380 343 403 aliquid
354 381 429 397 tradidit
440 386 474 403 pro
488 380 568 397 sanando
582 380 664 401 eandem,
677 380 711 397 sed
720 380 767 397 bene
777 380 793 397 ei
804 380 870 397 obtulit
879 381 922 397 dare
932 381 1026 403 pecuniam
1037 386 1089 403 quam
1100 380 1139 403 ipsa

207 413 273 431 Jacoha
281 414 364 436 recipere
371 413 468 430 recusavit.
477 413 535 435 Super
543 413 628 430 omnihus
636 413 716 429 residuis
724 416 758 429 tam
769 413 787 430 in
795 413 882 431 articulis.
893 416 933 434 eta,
943 414 1039 436 respondit
1053 419 1072 430 se
1084 413 1140 430 nichil

207 446 257 464 aliud
268 447 322 464 scire.
336 447 448 469 Interrogata
462 452 514 469 quam
527 449 595 469 partem
608 445 675 466 mallet,
689 445 733 463 dicit
743 445 791 469 quod
802 452 839 463 non
848 449 899 463 curat
908 446 944 463 nisi
955 446 985 463 illa
995 452 1030 469 que
1037 447 1068 469 jus
1079 446 1139 463 habet.

251 480 333 497 Johanna
348 480 371 496 de
385 480 486 500 Monciaeo,
500 479 588 496 merceria
598 485 713 496 commorans
725 479 744 495 in
758 479 799 496 vico
813 479 836 495 de
847 479 1001 501 Quiquempoit't.
1013 479 1074 499 vidua,
1088 480 1140 496 testis

207 513 301 536 producta,
316 515 356 533 etet„
372 513 459 535 requisita
476 513 520 535 quid
537 512 583 529 sciat
596 512 619 529 de
633 512 731 532 contentis,
742 514 781 532 eta,
792 511 892 534 respondet
903 511 952 533 quod
966 517 1025 534 nuper
1039 518 1092 534 passa
1106 513 1140 529 suit

207 546 302 568 quamdam
313 545 436 562 infirmitatem
445 546 493 562 circa
503 551 564 566 renes,
572 551 604 568 pro
616 551 651 568 qua
660 545 694 561 fuit
704 550 736 568 per
744 544 828 561 undecim
839 544 878 561 dies
889 544 936 567 apud
944 544 1028 561 Sanctum
1040 544 1140 567 Sulpicium

207 584 264 601 prope
282 579 366 595 Sanctum
383 578 494 595 Germanum
507 578 531 595 de
540 578 606 598 Pratis,
620 584 677 601 prope
689 577 780 599 Parisius,
794 578 842 594 circa
854 583 907 600 quam
924 577 1044 594 infirmitatem
1058 577 1140 600 magistri

207 611 321 632 Guilbertus,
333 612 440 632 Hermanus,
453 611 572 631 Maiufredus,
588 614 605 627 et
619 610 713 628 Thomas¹⁷
726 610 791 633 phisici
804 616 864 627 curam
878 610 1001 627 adhibuerunt
1013 616 1065 632 quam
1080 613 1140 633 potue-

207 647 255 664 runt=
266 644 314 660 circa
323 649 377 666 quam
386 643 443 660 nichil
453 644 511 660 farere
522 647 626 666 potuerunt,
636 647 657 660 ut
666 643 744 660 dicebat.
755 644 778 661 Et
786 650 827 660 cum
839 643 874 660 hoc
886 643 969 664 vidisset,
980 643 1020 666 ipsa
1032 643 1102 660 turbata
1117 643 1140 660 oh

207 676 242 694 hoc
250 676 319 694 audivit
328 676 380 699 loqui
388 676 411 693 de
420 676 468 693 dieta
477 676 542 693 Jaeoha
554 679 571 693 et
581 676 603 693 de
614 677 681 693 curis¹⁸
691 677 738 699 ejus,
746 680 764 693 et
774 677 833 694 stat-im
843 677 886 693 fecit
895 682 934 693 earn
943 676 1006 693 venire
1017 676 1038 693 ad
1047 682 1092 693 eam.
1101 677 1140 698 Que

207 715 247 726 curn
258 709 346 731 venisset,
360 715 399 726 eam
411 709 457 726 vidit
465 712 482 726 et
492 709 570 732 palpavit
582 709 655 732 pulsum
666 715 720 726 suum
730 712 748 726 et
756 709 803 726 vidit
812 710 852 732 ejus
863 710 939 727 urinam.
951 710 972 726 Et
986 709 1045 726 statim
1056 715 1095 726 eum
1106 709 1141 726 hoc

207 742 283 759 fecisset
294 742 334 765 ipsa
348 742 393 759 dixit
405 742 441 764 ipsi
454 742 543 764 loquenti,
554 742 602 764 quod
616 748 649 765 per
662 742 695 758 Dei
709 742 783 765 gratiam
796 742 836 765 ipsa
848 745 925 765 poneret
937 742 993 765 ipsam
1006 742 1111 765 loquentem
1121 742 1141 758 in

207 775 256 792 hono
266 778 319 792 statu.
335 775 374 797 Que
385 775 481 797 respondit
494 775 543 798 quod
553 775 577 791 ita
586 775 664 792 volebat.
679 775 701 791 Et
711 778 753 792 tuuc
762 775 829 792 Jacoba
839 775 918 792 visitavit
928 781 966 792 eam
978 781 1011 798 per
1021 775 1084 798 plures
1094 775 1140 796 dies,

207 811 225 825 et
241 808 310 831 pluries
327 808 379 825 dedit
395 808 411 825 ei
426 808 490 825 bibere
507 807 602 830 quamdam
620 814 684 830 aquarn
699 808 825 829 clarissimam,
840 808 907 825 virtute
924 809 976 830 cujus
992 812 1009 825 et
1025 809 1057 825 Dei
1075 808 1142 825 auxilio

207 841 299 858 mediante
313 844 374 858 sanata
386 841 427 862 fuit,
438 844 457 858 ut
467 841 517 858 dicit‚
530 841 642 863 Interrogata
653 841 669 857 si
682 841 728 857 sciat
738 841 760 857 de
771 847 807 863 quo
817 841 918 863 composita
928 844 966 857 erat
975 841 1023 858 dicta
1035 847 1087 864 aqua,
1098 841 1142 858 dicit

207 874 256 896 quod
270 874 335 891 nescit.
349 874 463 896 Interrogata
478 874 494 890 si
506 874 529 890 ad
543 873 617 891 niodum
631 874 744 896 phisicorurn
758 880 798 890 earn
809 873 895 895 visitavit,
908 874 952 890 dicit
964 874 1014 896 quod
1027 874 1091 894 nescit,
1105 874 1141 890 nisi

206 910 226 923 ut
235 907 320 930 predixit.
335 908 380 924 Item
393 907 409 924 si
422 907 509 924 convenit
523 913 564 924 cum
578 913 598 924 ea
614 907 636 923 de
649 907 729 924 sanando
743 906 823 923 eamdem
837 910 855 923 et
867 907 882 924 si
897 907 993 929 pecuniam
1005 913 1038 930 pro
1051 913 1073 924 eo
1087 907 1109 923 ab
1121 913 1141 923 ea

206 940 281 963 aceepit,
294 940 391 963 respondit
406 940 454 963 qnod
471 946 514 961 non,
529 943 547 957 et
560 940 608 963 quod
622 940 678 957 nichil
691 940 758 957 habere
769 940 832 957 voluit*
845 940 890 957 Item
903 940 919 956 si
932 940 988 956 suerit
1000 943 1087 957 consueta
1097 940 1141 957 visi-

206 976 243 990 tare
253 973 343 995 infirmos,
354 973 398 990 dicit
407 973 456 996 quod
467 973 500 994 sic,
510 977 530 990 ut
539 973 608 990 audivit
618 973 660 990 dici.
671 973 715 990 Item
725 973 742 990 si
751 979 831 995 unquam
841 973 879 996 ipsa
891 973 968 996 loquens
978 973 1024 990 vidit
1034 973 1083 995 quod
1093 973 1140 990 dicta

205 1006 271 1024 Jacoha
284 1006 329 1023 alios
343 1006 426 1023 infirmos
436 1006 517 1023 visitaret
528 1009 545 1023 et
555 1006 570 1023 si
581 1006 635 1023 suerit
648 1012 724 1029 presens
737 1006 755 1022 in
766 1006 807 1027 hoe,
818 1006 921 1029 dicitquod
933 1012 976 1027 non,
988 1006 1021 1023 sed
1033 1006 1083 1028 quod
1092 1006 1140 1023 bene

204 1039 274 1056 audivit
288 1039 323 1056 dici
339 1045 348 1056 a
362 1039 453 1062 pluribus,
471 1045 548 1061 quorum
565 1039 638 1056 nomina
654 1039 726 1062 ignorat
743 1042 761 1056 et
776 1039 799 1055 de
816 1038 882 1061 quibus
898 1045 935 1055 non
950 1039 1021 1060 recolit,
1036 1039 1086 1061 quod
1100 1039 1140 1061 ipsa

204 1072 270 1089 Jacoba
287 1072 350 1094 plures
369 1072 451 1089 infirmos
470 1072 548 1093 sanavit,
565 1072 651 1089 videlieet
669 1072 796 1089 cancellarium
815 1072 865 1094 regis
883 1072 906 1088 de
926 1071 1001 1094 quadam
1022 1075 1081 1094 gutta,
1099 1072 1139 1094 ejus

205 1108 290 1128 nepotem
305 1105 337 1127 qui
351 1108 390 1121 erat
403 1105 494 1127 impotens
507 1104 527 1121 in
541 1105 608 1125 eundo=
622 1108 639 1121 et
652 1105 715 1127 plures
728 1104 774 1121 alios
787 1106 834 1127 quo's
847 1110 884 1121 non
898 1104 954 1121 novit.
968 1105 1014 1121 Item
1027 1104 1138 1127 interrogata

205 1138 221 1155 si
231 1138 297 1155 jacoba
312 1144 350 1154 eam
364 1138 444 1155 visitavit
457 1141 540 1160 tanquam
555 1138 625 1154 medica
637 1141 667 1154 aut
680 1137 738 1159 aliter,
753 1137 797 1154 dicit
809 1137 859 1160 quod
872 1137 895 1154 de
907 1137 942 1154 hoc
955 1137 1011 1154 nichil
1025 1137 1059 1154 scit
1070 1137 1107 1154 nisi
1119 1141 1139 1154 ut

205 1171 290 1193 predixit,
300 1177 335 1187 nee
345 1171 380 1187 scit
389 1171 438 1187 aliud
447 1171 515 1193 deponi
525 1171 548 1187 de
558 1170 656 1192 contentis,
665 1173 705 1192 etc.a
716 1173 748 1187 etc:⁴

250 1204 350 1225 Mazhildis,
360 1210 406 1221 uxor
414 1204 503 1221 johannis
513 1204 536 1221 de
546 1204 611 1221 Sancto
621 1204 731 1225 Audomaro,
745 1203 789 1220 civis
800 1207 818 1220 et
827 1203 925 1220 tabernarii
935 1203 1022 1224 Parisius,
1033 1203 1086 1220 testis
1096 1209 1138 1226 pro-

205 1237 264 1258 ducta,
278 1239 318 1258 etc„
332 1237 442 1260 interrogata
455 1237 484 1253 die
498 1237 570 1254 veneris
587 1240 627 1260 post
638 1237 705 1254 festum
718 1233 766 1253 beati
778 1236 849 1257 Luce¹'‚
861 1236 948 1259 requisita
958 1236 974 1253 si
989 1236 1039 1253 novit
1052 1236 1136 1253 Jacoham

202 1270 227 1286 ‘de
237 1276 279 1293 qua,
289 1273 329 1291 eta,
343 1270 442 1293 respondet
455 1270 504 1293 quod
514 1270 547 1291 sic,
559 1270 599 1292 quia
612 1270 652 1292 ipsa
663 1273 691 1287 est
703 1270 751 1286 hona
763 1270 834 1286 mulier.
848 1270 893 1286 Item
906 1269 950 1292 quid
963 1269 1008 1286 sciat
1019 1269 1041 1286 de
1052 1269 1136 1286 omnibus

204 1303 294 1319 contentis
303 1303 321 1319 in
328 1303 416 1324 articulis,
425 1305 465 1324 etc„
473 1303 573 1325 respondet
583 1303 631 1326 quod
644 1303 678 1319 hoc
690 1303 732 1324 scit,
742 1303 828 1320 videlicet
837 1302 886 1325 quod
896 1308 936 1319 eum
947 1303 1023 1319 maritus
1030 1308 1076 1319 suus
1085 1302 1135 1325 gravi

204 1335 308 1352 infirmitate
319 1335 406 1352 detentus
417 1336 484 1352 esset¹⁰
495 1342 503 1352 a
515 1336 574 1352 media
587 1336 725 1358 quadragesima
737 1336 801 1352 ultimo
811 1335 897 1358 preterita
908 1341 967 1358 usque
979 1335 1001 1352 ad
1011 1335 1076 1352 festum
1087 1335 1136 1352 Nati-

203 1368 263 1386 vitatis
276 1368 323 1386 beati
335 1368 422 1386 Johannis
436 1368 532 1392 Baptiste¹¹
544 1372 562 1386 et
571 1374 612 1386 eum
626 1368 688 1392 plures
701 1368 767 1386 medici
779 1368 828 1386 dieto
841 1371 923 1391 tempore
936 1368 1012 1385 durante
1024 1368 1135 1390 visitassent,

204 1401 235 1424 qui
246 1401 322 1424 plurima
332 1401 412 1418 remedia
422 1402 470 1418 circa
482 1402 547 1418 dietam
558 1401 680 1418 infirmitatem
690 1401 816 1421 adhibuerant,
831 1401 877 1418 dicta
887 1401 953 1418 Jacoba
964 1402 986 1418 ad
997 1401 1135 1424 requisitionem

204 1434 248 1451 dieti
259 1434 348 1451 Johannis
360 1437 378 1451 et
389 1434 492 1451 mandatum
504 1434 526 1451 ad
542 1434 615 1451 domum
631 1434 690 1457 ipsius
703 1434 781 1451 accessit
790 1437 809 1451 et
819 1440 861 1451 eum
870 1434 915 1451 vidit
928 1434 1025 1456 ipsumque
1036 1437 1054 1450 et
1062 1434 1135 1456 pulsum

204 1473 257 1484 suum
268 1467 329 1490 tetigit
339 1470 357 1483 et
366 1467 450 1489 palpavit.
462 1467 484 1483 Et
494 1472 534 1483 cum
544 1467 579 1483 hoc
589 1467 669 1487 fecisset,
680 1467 716 1489 ipsi
725 1466 803 1483 Johanni
813 1470 831 1483 et
841 1467 876 1489 ipsi
888 1467 970 1489 loquenti
982 1467 1032 1487 dixit,
1043 1467 1092 1489 quod
1102 1467 1136 1483 Dei
