1308 1835
167 228 200 246 388
454 234 614 246 CHARTULARHJM
630 234 726 247 uuivnns.
744 234 809 245 ranis.
1050 228 1099 247 [1331

168 271 256 294 Remigii‘
267 277 325 294 usque
336 271 358 288 ad
368 271 434 288 festum
443 271 562 287 Pentecostes
572 276 604 293 per
615 270 661 287 duos
671 276 735 291 annoS,
746 274 764 287 et
773 270 822 293 quod
833 270 951 293 quadraginta
960 271 1026 287 diebus
1036 271 1101 288 nichil-

164 305 242 324 ominus
255 304 375 327 disputabunt
384 309 417 321 seu
428 304 561 326 disputationes
572 303 711 325 continuabunt,
722 304 759 320 nisi
769 309 801 326 per
809 304 869 326 ipsum
880 304 1015 325 cancellarium,
1025 304 1056 327 qui
1067 307 1101 325 est,

169 337 223 353 fuerit
232 336 262 353 vel
272 337 307 353 erit
316 342 349 359 pro
360 340 449 359 tempore,
460 342 516 360 super
526 337 553 354 eis
563 343 603 354 cum
614 337 641 353 eis
650 337 706 354 fuerit
715 337 846 359 dispensatum.

214 370 266 391 Item,
276 370 325 393 quod
336 370 383 386 idem
394 369 520 391 cancellarius,
531 370 562 393 qui
572 374 607 392 est,
616 370 672 387 suerit
681 374 699 388 et
708 370 742 387 erit
751 376 784 394 pro
796 374 883 393 tempore,
894 369 971 392 quilibet
979 375 1012 393 pro
1019 373 1102 393 tempore

169 403 224 420 hahet
233 407 251 420 et
260 403 324 420 habuit
333 406 351 420 et
361 403 383 420 ad
393 403 452 426 ipsum
463 403 542 426 pertinet
552 407 569 421 et
579 404 667 427 pertinuit
676 404 790 421 correctione
800 403 891 427 condigna
900 403 993 426 corrigere
1005 406 1023 420 et
1037 403 1102 426 punire

170 436 274 459 specialiter
283 442 330 458 pena
340 436 400 453 debita
410 437 509 459 juramenti
520 443 584 454 omnes
597 437 651 454 illos*
662 437 710 453 dicte
719 437 809 453 facultatis
824 437 856 459 qui
868 440 930 454 contra
945 436 1048 460 privilegia,
1061 442 1103 453 con-

170 469 284 490 suetudines‚
295 469 418 487 immunitates
429 474 447 487 et
456 470 550 487 libertates
561 470 605 487 dicti
615 470 718 487 cancellarii
728 470 805 492 ejusque
817 470 925 487 cancellarie
934 470 1017 493 predicte
1027 473 1045 487 et
1053 473 1102 487 tran-

170 503 277 526 quillitatem
287 506 306 520 et
315 509 377 526 pacem
388 503 443 520 studii
456 504 564 520 Parisiensis
579 503 648 526 aliquid
662 506 773 526 attempmnt,
784 503 872 520 innovant
886 503 915 520 vel
929 503 1030 524 immutant,
1046 503 1103 526 potis-

171 536 216 553 sime
223 537 295 559 juratos
306 542 349 553 suos
360 542 393 553 seu
404 536 439 553 sibi
451 536 535 553 astrictos
544 537 654 559 juramento,
664 536 721 553 forma
736 536 821 559 superius
835 536 908 553 recitata
922 539 957 553 tam
969 537 992 553 de
1007 542 1049 557 usu,
1059 543 1103 553 con-

169 570 267 586 suetudine
277 573 295 586 et
304 570 396 586 communi
406 569 521 586 observantia
530 569 631 592 prelibatis,
642 575 695 592 quam
706 569 772 586 virtute
782 569 921 592 privilegiorum
931 569 1061 592 predictorum.

214 603 346 619 Nichilominus
357 602 396 625 ipsa
405 602 481 619 facultas
494 602 584 619 medicine
596 605 615 619 et
623 602 718 625 potissime
731 602 814 625 magistri
827 602 911 625 superius
924 602 1012 619 nominati
1023 602 1043 619 in
1055 602 1103 619 diota

168 636 251 653 facultate
267 641 299 658 per
311 636 372 658 ipsum
386 635 513 652 cancellarium
528 639 546 652 et
559 635 678 652 cancellarios
692 641 725 658 pro
742 639 824 658 tempore
840 636 862 652 ad
879 635 968 652 licentiam
985 635 1103 653 obtinendam

170 669 247 692 promoti
257 672 275 685 et
284 668 303 685 in
313 669 376 685 eadem
387 668 460 691 publica
469 669 553 685 facultate
562 669 657 689 licentiati,
668 669 699 692 qui
711 669 731 685 in
744 669 783 686 suis
797 668 876 686 obtentis
890 668 969 686 licentiis
983 669 1031 686 inter
1044 672 1104 686 cetera

167 702 275 725 juraverunt
283 702 306 718 ad
316 705 377 718 sancta
388 702 422 718 Dei
432 702 526 725 evangelia
535 702 626 724 predictas
637 702 767 723 immunitates,
777 702 879 725 privilegia,
890 707 941 723 usus„
952 702 1103 723 consuetudines,

169 735 348 757 observantias.jura
357 738 375 752 et
382 735 475 752 libertates
486 735 584 752 observare
593 741 627 752 nec
638 735 665 752 eis
676 735 694 752 in
704 735 765 758 aliquo
775 741 796 752 se
805 741 905 758 opponere,
916 738 970 758 prout
980 735 1066 758 superius
1076 738 1105 752 est

169 773 282 791 expressum,
293 774 341 785 anno
351 768 432 785 nondum
443 768 505 791 elapso
517 771 576 785 satore
584 768 651 785 zizanie
659 768 765 791 instigante,
773 774 847 785 suarum
858 768 921 785 salutis
930 768 1030 785 animarum
1040 768 1103 785 imme-

169 807 230 818 mores
245 801 372 824 dictorumque
380 802 525 824 juramentorum
539 807 614 818 suorum
627 805 781 824 transgressores„
793 805 856 818 contra
868 802 925 818 dictas
938 801 1040 823 libertates,
1052 807 1104 822 ususv

169 826 313 851 consuetudines
324 838 342 852 et
351 832 458 852 communes
467 835 593 852 observantias
604 841 623 851 ac
633 835 730 858 privilegia
740 834 783 851 dicti
797 834 900 851 cancellarii
910 835 987 858 ejusque
997 835 1105 852 cancellarie

170 868 250 890 predicte
261 874 298 884 non
307 868 367 891 ignari
377 868 517 891 premissorum,
526 868 649 885 venerabilem
660 871 678 885 et
687 868 787 885 discretum
797 868 856 885 virum
865 868 971 891 magistrum
978 868 1074 885 Alsonsum
1082 868 1105 884 de

169 901 255 923 Hispania
263 907 296 924 per
303 901 392 924 prefatum
403 901 538 923 cancellarium,
547 901 657 924 precedente
668 901 728 918 debita
738 901 870 918 examinatione
881 901 938 924 ipsius
948 901 993 918 facta
1004 901 1105 923 perplures

170 937 187 950 et
197 934 308 951 sufficientes
318 934 417 957 magistros
429 934 477 951 dicte
490 934 586 955 facultatis,
598 937 616 951 et
628 937 681 956 prout
691 934 775 951 dicebant
785 934 876 957 ydoneum
891 937 983 956 repertum
993 934 1015 950 ad
1025 934 1045 950 in
1057 934 1105 951 dicte

170 967 245 984 scientie
261 967 351 983 medicine
365 967 449 984 facultate
459 967 550 984 licentiam
561 967 681 984 obtinendum
692 970 709 984 et
724 973 756 990 per
766 967 855 990 prefatum
869 967 996 984 cancellarium
1007 970 1062 989 prout
1071 973 1105 983 suo

170 1000 286 1017 incumbebat
301 1000 361 1017 officio
375 1000 497 1017 licentiatum⁶
513 1006 553 1017 cum
567 1000 695 1023 solempnitate
708 1000 769 1017 debita
781 1004 799 1017 et
812 1003 943 1023 competenter,
953 1006 973 1017 ac
989 1000 1105 1023 postmodum

171 1037 225 1056 prout
238 1033 314 1050 decebat
328 1033 350 1050 ad
364 1033 601 1057 magistratum-promotum
612 1033 631 1050 in
644 1033 729 1050 facultate
743 1033 831 1056 predicta,
845 1033 863 1050 in
877 1033 916 1050 suis
930 1033 1106 1056 congregationibus

171 1066 253 1089 recipere
264 1070 281 1083 et
291 1066 386 1083 admittere
399 1070 513 1088 recusarunt,
528 1066 593 1083 dictam
604 1066 696 1083 licentiam
710 1066 745 1083 sibi
761 1066 782 1083 ab
797 1066 861 1083 eodem
877 1066 984 1083 cancellario
994 1072 1106 1083 -concessam

172 1099 269 1123 ipsumque
278 1099 406 1116 cancellarium
417 1099 535 1122 impediendo
546 1105 565 1116 ac
576 1103 638 1116 contra
651 1100 691 1122 ejus
704 1102 775 1121 statum,
784 1100 826 1122 jura
836 1102 854 1116 et
863 1103 971 1122 potesmtem
985 1102 1003 1116 et
1017 1099 1106 1116 honorem

173 1133 220 1150 dicte
228 1133 336 1150 cancellarie
342 1132 441 1154 veniendo,
450 1133 494 1156 quin
504 1133 541 1150 imo
551 1133 611 1156 ipsum
618 1138 627 1150 a
636 1132 811 1156 congregationibus
822 1133 860 1150 suis
867 1132 1010 1155 tractatibusque
1016 1132 1107 1150 violenter

173 1170 190 1183 et
200 1158 289 1189 injuriose
300 1169 423 1187 removerunt,
434 1166 493 1189 ipsum
504 1166 550 1183 adeo
560 1166 665 1183 nullatenus
675 1166 786 1183 admittendo
794 1168 826 1187 [ex]
837 1166 879 1183 odio
890 1169 908 1183 et
917 1166 936 1183 iu
946 1165 1052 1188 despectum
1063 1166 1106 1183 dicti

173 1199 281 1220 cancellarii,
291 1200 335 1216 alias
346 1205 382 1216 non
392 1199 462 1216 facturi*
471 1200 493 1216 Et
500 1199 537 1216 hiis
546 1199 620 1216 minime
631 1199 711 1216 contenti
719 1199 842 1216 venerabilem
852 1198 910 1216 virum
918 1198 1024 1221 magistrum
1033 1199 1106 1216 Petrum

174 1232 196 1249 de
206 1233 269 1255 Capite
279 1233 342 1249 Stanni
352 1233 446 1252 clericum,
456 1233 476 1249 in
486 1232 533 1249 dicta
543 1232 637 1249 medecine
646 1232 731 1249 facultate
740 1232 854 1254 unagistrumv
864 1237 897 1254 pro
908 1238 929 1249 eo
940 1231 1000 1249 solum
1010 1232 1059 1255 quod
1074 1238 1106 1255 per

174 1265 241 1282 dictum
256 1265 385 1282 cancellarium
399 1265 506 1287 requisitus,
522 1268 577 1288 prout
591 1265 649 1281 eidem
666 1264 741 1281 obedire
755 1270 788 1288 per
800 1265 922 1287 juramentum
937 1264 959 1282 ab
970 1271 992 1282 eo
1007 1270 1063 1288 super
1072 1265 1106 1282 hoe

174 1298 269 1321 prestitum
277 1298 379 1319 tenebatur,
388 1298 473 1321 deposuit
481 1303 536 1321 super
541 1297 670 1316 suffit-ienuam
678 1297 708 1315 vel
715 1297 861 1315 insufficientiam
869 1298 913 1315 dicti
920 1298 1003 1321 magistri
1009 1298 1106 1321 Alphonsi,

175 1334 229 1354 prout
240 1331 336 1348 tenebatur
347 1331 398 1353 (alias
412 1337 449 1348 non
461 1331 548 1353 facturus)
559 1337 570 1348 a
584 1337 616 1348 sua
628 1331 711 1348 facultate
725 1337 824 1354 eorumque
838 1331 1013 1355 congregationibus
1026 1338 1059 1355 per
1068 1332 1107 1349 vio-

174 1364 248 1381 lentiam
263 1364 378 1387 expulerunt,
389 1364 473 1381 eumdem
484 1364 502 1381 in
513 1364 540 1381 eis
549 1364 644 1381 admittere
659 1368 764 1382 recusantes
778 1364 859 1382 indebite
870 1368 888 1382 et
897 1365 964 1387 injuste
978 1368 1040 1382 contra
1054 1365 1107 1382 etiam

175 1396 303 1414 Universitatis
312 1396 423 1413 Parisiensis
433 1397 541 1414 sententiam
552 1403 607 1420 super
616 1397 651 1414 hoc
662 1400 725 1414 contra
734 1403 766 1414 eos
776 1397 915 1420 promulgatam,
925 1397 952 1414 sic
962 1403 1023 1420 pacem
1035 1400 1052 1414 et
1062 1400 1108 1414 tran-

175 1430 282 1452 quillitatem
291 1430 335 1447 dicti
342 1430 398 1447 studii
409 1430 537 1453 perturbantes
545 1436 564 1447 ac
573 1430 681 1447 sententiam
692 1430 884 1447 excommunicationis
891 1436 901 1447 a
909 1436 978 1447 canone
988 1430 1041 1447 latam
1049 1430 1108 1447 incur-

175 1463 233 1480 rendo
242 1466 388 1486 potestatemque
397 1463 457 1486 ipsius
466 1463 570 1480 cancellarii
583 1463 720 1486 vilipendendo.
736 1464 759 1480 Et
772 1463 807 1480 hiis
822 1463 896 1480 minime
911 1464 991 1480 contenti
1006 1464 1056 1486 ipsos
1071 1469 1107 1480 ma-

175 1494 253 1519 ¹gistrum
267 1497 339 1514 Petrum
350 1500 367 1514 et
375 1496 491 1519 Alphonsum
501 1496 583 1513 indebite
593 1500 610 1513 et
620 1496 689 1519 injuste
703 1502 723 1513 ac
735 1499 798 1513 contra
809 1497 841 1519 jus
851 1499 869 1513 et
881 1496 970 1519 justitiam
985 1500 1004 1513 et
1016 1496 1035 1513 in
1048 1496 1108 1520 ipsius
