<?xml version="1.0" encoding="UTF-8"?>
<!DOCTYPE html PUBLIC "-//W3C//DTD XHTML 1.0 Transitional//EN"
    "http://www.w3.org/TR/xhtml1/DTD/xhtml1-transitional.dtd">
<html xmlns="http://www.w3.org/1999/xhtml" xml:lang="en" lang="en">
 <head>
  <title>
</title>
<meta http-equiv="Content-Type" content="text/html;charset=utf-8" />
  <meta name='ocr-system' content='tesseract 3.04.00' />
  <meta name='ocr-capabilities' content='ocr_page ocr_carea ocr_par ocr_line ocrx_word'/>
</head>
<body>
  <div class='ocr_page' id='page_1' title='image "./chartulariumuni02mogoog_0412.png"; bbox 0 0 1308 1835; ppageno 0'>
   <div class='ocr_carea' id='block_1_1' title="bbox 184 197 1116 221">
    <p class='ocr_par' dir='ltr' id='par_1_1' title="bbox 184 197 1116 221">
     <span class='ocr_line' id='line_1_1' title="bbox 184 197 1116 221; baseline 0.003 -6"><span class='ocrx_word' id='word_1_1' title='bbox 184 197 233 216; x_wconf 77' lang='lat'>1331]</span> <span class='ocrx_word' id='word_1_2' title='bbox 384 206 407 217; x_wconf 69' lang='lat' dir='ltr'>n</span> <span class='ocrx_word' id='word_1_3' title='bbox 425 206 477 218; x_wconf 72' lang='lat' dir='ltr'><strong>,nmo</strong></span> <span class='ocrx_word' id='word_1_4' title='bbox 494 206 612 218; x_wconf 58' lang='lat' dir='ltr'><strong>mcccxxxv</strong></span> <span class='ocrx_word' id='word_1_5' title='bbox 628 206 695 221; x_wconf 67' lang='lat' dir='ltr'><strong>usque</strong></span> <span class='ocrx_word' id='word_1_6' title='bbox 712 205 737 217; x_wconf 66' lang='lat' dir='ltr'><strong>an</strong></span> <span class='ocrx_word' id='word_1_7' title='bbox 753 205 823 217; x_wconf 60' lang='lat' dir='ltr'><strong>annun</strong></span> <span class='ocrx_word' id='word_1_8' title='bbox 839 205 911 216; x_wconf 67' lang='lat' dir='ltr'><strong>necet.</strong></span> <span class='ocrx_word' id='word_1_9' title='bbox 1082 202 1116 218; x_wconf 81' lang='lat'><strong>385</strong></span> 
     </span>
    </p>
   </div>
   <div class='ocr_carea' id='block_1_2' title="bbox 183 260 974 284">
    <p class='ocr_par' dir='ltr' id='par_1_2' title="bbox 183 260 974 284">
     <span class='ocr_line' id='line_1_2' title="bbox 183 260 974 284; baseline 0.001 -6"><span class='ocrx_word' id='word_1_10' title='bbox 183 260 240 279; x_wconf 52' lang='lat'><strong>936-</strong></span> <span class='ocrx_word' id='word_1_11' title='bbox 250 265 314 278; x_wconf 62' lang='grc' dir='ltr'><strong>ιῑῡειιω</strong></span> <span class='ocrx_word' id='word_1_12' title='bbox 321 265 420 279; x_wconf 61' lang='lat' dir='ltr'><strong>accusationis</strong></span> <span class='ocrx_word' id='word_1_13' title='bbox 427 265 503 283; x_wconf 61' lang='lat' dir='ltr'><strong>facultati,</strong></span> <span class='ocrx_word' id='word_1_14' title='bbox 511 265 591 279; x_wconf 58' lang='lat' dir='ltr'><strong>mantua«</strong></span> <span class='ocrx_word' id='word_1_15' title='bbox 598 267 649 279; x_wconf 63' lang='lat' dir='ltr'><strong>contra</strong></span> <span class='ocrx_word' id='word_1_16' title='bbox 656 265 759 279; x_wconf 67' lang='lat' dir='ltr'><strong>cancellarium</strong></span> <span class='ocrx_word' id='word_1_17' title='bbox 767 266 833 284; x_wconf 67' lang='lat' dir='ltr'><strong>episcopa</strong></span> <span class='ocrx_word' id='word_1_18' title='bbox 840 265 888 279; x_wconf 67' lang='lat' dir='ltr'><strong>Paris.</strong></span> <span class='ocrx_word' id='word_1_19' title='bbox 896 268 974 284; x_wconf 57' lang='lat' dir='ltr'><strong>pameas«,⁴</strong></span> 
     </span>
    </p>
   </div>
   <div class='ocr_carea' id='block_1_3' title="bbox 763 306 974 324">
    <p class='ocr_par' dir='ltr' id='par_1_3' title="bbox 763 306 974 324">
     <span class='ocr_line' id='line_1_3' title="bbox 763 306 974 324; baseline 0 -4"><span class='ocrx_word' id='word_1_20' title='bbox 763 307 798 322; x_wconf 69' lang='lat'><strong><em>1³³1,</em></strong></span> <span class='ocrx_word' id='word_1_21' title='bbox 806 306 864 320; x_wconf 47' lang='lat' dir='ltr'><strong>octobre</strong></span> <span class='ocrx_word' id='word_1_22' title='bbox 871 307 891 322; x_wconf 72' lang='lat'><strong>19.</strong></span> <span class='ocrx_word' id='word_1_23' title='bbox 898 306 974 324; x_wconf 52' lang='lat' dir='ltr'><strong>[mam.</strong></span> 
     </span>
    </p>
   </div>
   <div class='ocr_carea' id='block_1_4' title="bbox 184 343 1133 1461">
    <p class='ocr_par' dir='ltr' id='par_1_4' title="bbox 184 343 1133 764">
     <span class='ocr_line' id='line_1_4' title="bbox 228 343 1117 366; baseline 0 -6"><span class='ocrx_word' id='word_1_24' title='bbox 228 343 249 360; x_wconf 92' lang='lat' dir='ltr'><strong>In</strong></span> <span class='ocrx_word' id='word_1_25' title='bbox 263 343 306 366; x_wconf 82' lang='lat' dir='ltr'><strong>jure</strong></span> <span class='ocrx_word' id='word_1_26' title='bbox 322 349 382 360; x_wconf 80' lang='lat' dir='ltr'><strong>coram</strong></span> <span class='ocrx_word' id='word_1_27' title='bbox 400 343 452 360; x_wconf 81' lang='lat' dir='ltr'><strong>vohis</strong></span> <span class='ocrx_word' id='word_1_28' title='bbox 469 343 570 360; x_wconf 85' lang='lat' dir='ltr'><strong>reverendo</strong></span> <span class='ocrx_word' id='word_1_29' title='bbox 589 343 608 359; x_wconf 86' lang='lat' dir='ltr'><strong>in</strong></span> <span class='ocrx_word' id='word_1_30' title='bbox 629 343 703 360; x_wconf 81' lang='lat' dir='ltr'><strong>Christo</strong></span> <span class='ocrx_word' id='word_1_31' title='bbox 722 346 773 366; x_wconf 86' lang='lat' dir='ltr'><strong>patre</strong></span> <span class='ocrx_word' id='word_1_32' title='bbox 789 346 808 360; x_wconf 87' lang='lat' dir='ltr'><strong>et</strong></span> <span class='ocrx_word' id='word_1_33' title='bbox 820 343 895 360; x_wconf 88' lang='lat' dir='ltr'><strong>domino</strong></span> <span class='ocrx_word' id='word_1_34' title='bbox 911 344 986 360; x_wconf 87' lang='lat' dir='ltr'><strong>domino</strong></span> <span class='ocrx_word' id='word_1_35' title='bbox 997 356 1007 360; x_wconf 73' lang='grc'><strong>,,</strong></span> <span class='ocrx_word' id='word_1_36' title='bbox 1019 343 1117 360; x_wconf 74' lang='lat' dir='ltr'><strong>Parisiensi</strong></span> 
     </span>
     <span class='ocr_line' id='line_1_5' title="bbox 184 376 1117 399; baseline 0 -6"><span class='ocrx_word' id='word_1_37' title='bbox 184 376 347 399; x_wconf 76' lang='lat' dir='ltr'><strong>episcopo‚judice</strong></span> <span class='ocrx_word' id='word_1_38' title='bbox 357 376 411 393; x_wconf 82' lang='lat' dir='ltr'><strong>unico</strong></span> <span class='ocrx_word' id='word_1_39' title='bbox 419 382 429 393; x_wconf 83' lang='lat' dir='ltr'><strong>a</strong></span> <span class='ocrx_word' id='word_1_40' title='bbox 437 376 510 393; x_wconf 84' lang='lat' dir='ltr'><strong>domino</strong></span> <span class='ocrx_word' id='word_1_41' title='bbox 521 382 565 399; x_wconf 75' lang='lat' dir='ltr'><strong>papa</strong></span> <span class='ocrx_word' id='word_1_42' title='bbox 574 376 622 396; x_wconf 78' lang='lat' dir='ltr'><strong>dato,</strong></span> <span class='ocrx_word' id='word_1_43' title='bbox 631 376 676 393; x_wconf 86' lang='lat' dir='ltr'><strong>dicit</strong></span> <span class='ocrx_word' id='word_1_44' title='bbox 685 379 703 393; x_wconf 84' lang='lat' dir='ltr'><strong>et</strong></span> <span class='ocrx_word' id='word_1_45' title='bbox 711 376 796 399; x_wconf 80' lang='lat' dir='ltr'>proponit</span> <span class='ocrx_word' id='word_1_46' title='bbox 804 377 919 399; x_wconf 73' lang='lat' dir='ltr'><strong>procurator¹</strong></span> <span class='ocrx_word' id='word_1_47' title='bbox 928 376 1018 393; x_wconf 72' lang='lat' dir='ltr'><strong>facultatis</strong></span> <span class='ocrx_word' id='word_1_48' title='bbox 1027 376 1117 393; x_wconf 80' lang='lat' dir='ltr'>medicine</span> 
     </span>
     <span class='ocr_line' id='line_1_6' title="bbox 185 408 1118 433; baseline 0 -7"><span class='ocrx_word' id='word_1_49' title='bbox 185 409 294 426; x_wconf 80' lang='lat' dir='ltr'><strong>Parisiensis</strong></span> <span class='ocrx_word' id='word_1_50' title='bbox 305 410 378 426; x_wconf 85' lang='lat' dir='ltr'><strong>nomine</strong></span> <span class='ocrx_word' id='word_1_51' title='bbox 388 409 447 432; x_wconf 83' lang='lat' dir='ltr'><strong>ipsius</strong></span> <span class='ocrx_word' id='word_1_52' title='bbox 457 409 546 426; x_wconf 72' lang='lat' dir='ltr'><strong>facultatis</strong></span> <span class='ocrx_word' id='word_1_53' title='bbox 557 412 574 426; x_wconf 89' lang='lat' dir='ltr'><strong>et</strong></span> <span class='ocrx_word' id='word_1_54' title='bbox 582 408 615 432; x_wconf 65' lang='lat' dir='ltr'><strong>pro&#39;</strong></span> <span class='ocrx_word' id='word_1_55' title='bbox 624 409 664 432; x_wconf 77' lang='lat' dir='ltr'><strong>ipsa</strong></span> <span class='ocrx_word' id='word_1_56' title='bbox 675 412 738 426; x_wconf 82' lang='lat' dir='ltr'><strong>contra</strong></span> <span class='ocrx_word' id='word_1_57' title='bbox 746 409 869 426; x_wconf 80' lang='lat' dir='ltr'><strong>venerabilem</strong></span> <span class='ocrx_word' id='word_1_58' title='bbox 879 410 938 427; x_wconf 83' lang='lat' dir='ltr'><strong>virum</strong></span> <span class='ocrx_word' id='word_1_59' title='bbox 950 410 1056 433; x_wconf 80' lang='lat' dir='ltr'><strong>magistrum</strong></span> <span class='ocrx_word' id='word_1_60' title='bbox 1066 409 1118 427; x_wconf 89' lang='lat' dir='ltr'><strong>Guil-</strong></span> 
     </span>
     <span class='ocr_line' id='line_1_7' title="bbox 185 442 1119 466; baseline 0 -7"><span class='ocrx_word' id='word_1_61' title='bbox 185 443 259 459; x_wconf 89' lang='lat' dir='ltr'><strong>lelmum</strong></span> <span class='ocrx_word' id='word_1_62' title='bbox 270 443 292 459; x_wconf 86' lang='lat' dir='ltr'><strong>de</strong></span> <span class='ocrx_word' id='word_1_63' title='bbox 302 442 392 464; x_wconf 80' lang='lat' dir='ltr'><strong>Narbona,</strong></span> <span class='ocrx_word' id='word_1_64' title='bbox 404 442 531 459; x_wconf 80' lang='lat' dir='ltr'><strong>cancellarium</strong></span> <span class='ocrx_word' id='word_1_65' title='bbox 542 442 619 459; x_wconf 76' lang='lat' dir='ltr'>ecclesie</span> <span class='ocrx_word' id='word_1_66' title='bbox 629 442 745 464; x_wconf 58' lang='lat' dir='ltr'><strong>Parisiensis,</strong></span> <span class='ocrx_word' id='word_1_67' title='bbox 756 442 866 465; x_wconf 86' lang='lat' dir='ltr'><strong>appellatum</strong></span> <span class='ocrx_word' id='word_1_68' title='bbox 876 448 934 464; x_wconf 68' lang='lat' dir='ltr'><strong>reum„</strong></span> <span class='ocrx_word' id='word_1_69' title='bbox 946 443 995 466; x_wconf 87' lang='lat' dir='ltr'><strong>quod</strong></span> <span class='ocrx_word' id='word_1_70' title='bbox 1005 443 1048 460; x_wconf 83' lang='lat' dir='ltr'><strong>licet</strong></span> <span class='ocrx_word' id='word_1_71' title='bbox 1057 449 1066 459; x_wconf 93' lang='lat' dir='ltr'><strong>a</strong></span> <span class='ocrx_word' id='word_1_72' title='bbox 1077 446 1119 460; x_wconf 86' lang='lat' dir='ltr'><strong>tem-</strong></span> 
     </span>
     <span class='ocr_line' id='line_1_8' title="bbox 186 475 1119 499; baseline 0.001 -7"><span class='ocrx_word' id='word_1_73' title='bbox 186 482 236 499; x_wconf 76' lang='lat' dir='ltr'><strong>pore.</strong></span> <span class='ocrx_word' id='word_1_74' title='bbox 248 477 300 499; x_wconf 76' lang='lat' dir='ltr'><strong>cujus</strong></span> <span class='ocrx_word' id='word_1_75' title='bbox 314 476 401 493; x_wconf 82' lang='lat' dir='ltr'><strong>contrarii</strong></span> <span class='ocrx_word' id='word_1_76' title='bbox 413 476 501 493; x_wconf 81' lang='lat' dir='ltr'><strong>memoria</strong></span> <span class='ocrx_word' id='word_1_77' title='bbox 509 476 603 493; x_wconf 83' lang='lat' dir='ltr'><strong>hominurn</strong></span> <span class='ocrx_word' id='word_1_78' title='bbox 619 482 656 492; x_wconf 85' lang='lat' dir='ltr'><strong>nou</strong></span> <span class='ocrx_word' id='word_1_79' title='bbox 666 475 734 496; x_wconf 74' lang='lat' dir='ltr'><strong>existit,</strong></span> <span class='ocrx_word' id='word_1_80' title='bbox 744 478 776 493; x_wconf 79' lang='lat' dir='ltr'><strong>etc.</strong></span> <span class='ocrx_word' id='word_1_81' title='bbox 787 478 807 493; x_wconf 84' lang='lat' dir='ltr'><strong>ut</strong></span> <span class='ocrx_word' id='word_1_82' title='bbox 820 481 874 498; x_wconf 81' lang='lat' dir='ltr'><strong>supra</strong></span> <span class='ocrx_word' id='word_1_83' title='bbox 890 478 909 492; x_wconf 67' lang='lat' dir='ltr'><strong>u‘*</strong></span> <span class='ocrx_word' id='word_1_84' title='bbox 919 476 967 493; x_wconf 80' lang='lat'>933¹.</span> <span class='ocrx_word' id='word_1_85' title='bbox 984 476 1035 493; x_wconf 74' lang='lat' dir='ltr'><strong>Diew</strong></span> <span class='ocrx_word' id='word_1_86' title='bbox 1049 476 1119 493; x_wconf 74' lang='lat' dir='ltr'><strong>cancel-</strong></span> 
     </span>
     <span class='ocr_line' id='line_1_9' title="bbox 186 509 1119 532; baseline 0 -6"><span class='ocrx_word' id='word_1_87' title='bbox 186 509 237 530; x_wconf 69' lang='lat' dir='ltr'><strong>lario„</strong></span> <span class='ocrx_word' id='word_1_88' title='bbox 249 509 291 526; x_wconf 85' lang='lat' dir='ltr'><strong>dum</strong></span> <span class='ocrx_word' id='word_1_89' title='bbox 303 509 379 532; x_wconf 78' lang='lat' dir='ltr'><strong>predicti</strong></span> <span class='ocrx_word' id='word_1_90' title='bbox 389 509 472 532; x_wconf 75' lang='lat' dir='ltr'><strong>magistri</strong></span> <span class='ocrx_word' id='word_1_91' title='bbox 480 510 555 526; x_wconf 84' lang='lat' dir='ltr'><strong>nomine</strong></span> <span class='ocrx_word' id='word_1_92' title='bbox 562 512 661 526; x_wconf 82' lang='lat' dir='ltr'><strong>memorate</strong></span> <span class='ocrx_word' id='word_1_93' title='bbox 671 509 760 526; x_wconf 75' lang='lat' dir='ltr'><strong>facultatis</strong></span> <span class='ocrx_word' id='word_1_94' title='bbox 769 509 860 526; x_wconf 80' lang='lat' dir='ltr'>medicine</span> <span class='ocrx_word' id='word_1_95' title='bbox 868 509 903 526; x_wconf 75' lang='lat' dir='ltr'><strong>sibi</strong></span> <span class='ocrx_word' id='word_1_96' title='bbox 911 509 1000 532; x_wconf 78' lang='lat' dir='ltr'><strong>premissa</strong></span> <span class='ocrx_word' id='word_1_97' title='bbox 1009 509 1119 529; x_wconf 73' lang='lat' dir='ltr'><strong>intimarent.</strong></span> 
     </span>
     <span class='ocr_line' id='line_1_10' title="bbox 186 541 1120 566; baseline 0 -7"><span class='ocrx_word' id='word_1_98' title='bbox 186 543 255 559; x_wconf 83' lang='lat' dir='ltr'><strong>eisdem</strong></span> <span class='ocrx_word' id='word_1_99' title='bbox 270 542 401 565; x_wconf 66' lang='lat' dir='ltr'><strong>respondente,</strong></span> <span class='ocrx_word' id='word_1_100' title='bbox 411 542 460 565; x_wconf 84' lang='lat' dir='ltr'><strong>quod</strong></span> <span class='ocrx_word' id='word_1_101' title='bbox 474 542 619 560; x_wconf 82' lang='lat' dir='ltr'><strong>consuetudines</strong></span> <span class='ocrx_word' id='word_1_102' title='bbox 632 543 723 566; x_wconf 84' lang='lat' dir='ltr'><strong>predictas</strong></span> <span class='ocrx_word' id='word_1_103' title='bbox 738 542 833 565; x_wconf 76' lang='lat' dir='ltr'><strong>reputabat</strong></span> <span class='ocrx_word' id='word_1_104' title='bbox 846 541 960 565; x_wconf 76' lang='lat' dir='ltr'><strong>corruptelas</strong></span> <span class='ocrx_word' id='word_1_105' title='bbox 975 545 994 559; x_wconf 86' lang='lat' dir='ltr'><strong>et</strong></span> <span class='ocrx_word' id='word_1_106' title='bbox 1007 542 1056 565; x_wconf 79' lang='lat' dir='ltr'><strong>quod</strong></span> <span class='ocrx_word' id='word_1_107' title='bbox 1071 543 1120 566; x_wconf 84' lang='lat' dir='ltr'><strong>ipsas</strong></span> 
     </span>
     <span class='ocr_line' id='line_1_11' title="bbox 186 575 1121 599; baseline -0.001 -6"><span class='ocrx_word' id='word_1_108' title='bbox 186 576 279 599; x_wconf 79' lang='lat' dir='ltr'><strong>frangeret</strong></span> <span class='ocrx_word' id='word_1_109' title='bbox 288 579 307 593; x_wconf 89' lang='lat' dir='ltr'><strong>et</strong></span> <span class='ocrx_word' id='word_1_110' title='bbox 315 576 423 597; x_wconf 73' lang='lat' dir='ltr'><strong>annullaret,</strong></span> <span class='ocrx_word' id='word_1_111' title='bbox 434 579 452 593; x_wconf 88' lang='lat' dir='ltr'><strong>et</strong></span> <span class='ocrx_word' id='word_1_112' title='bbox 462 576 509 599; x_wconf 80' lang='lat' dir='ltr'><strong>quod</strong></span> <span class='ocrx_word' id='word_1_113' title='bbox 521 576 571 599; x_wconf 84' lang='lat' dir='ltr'>digni</span> <span class='ocrx_word' id='word_1_114' title='bbox 582 579 599 593; x_wconf 80' lang='lat' dir='ltr'><strong>et</strong></span> <span class='ocrx_word' id='word_1_115' title='bbox 609 576 681 599; x_wconf 86' lang='lat' dir='ltr'><strong>indigui</strong></span> <span class='ocrx_word' id='word_1_116' title='bbox 690 579 827 593; x_wconf 76' lang='lat' dir='ltr'><strong>consueverunt</strong></span> <span class='ocrx_word' id='word_1_117' title='bbox 836 582 868 599; x_wconf 83' lang='lat' dir='ltr'><strong>per</strong></span> <span class='ocrx_word' id='word_1_118' title='bbox 878 576 943 592; x_wconf 77' lang='lat' dir='ltr'><strong>dictam</strong></span> <span class='ocrx_word' id='word_1_119' title='bbox 954 575 1056 592; x_wconf 77' lang='lat' dir='ltr'><strong>facultatem</strong></span> <span class='ocrx_word' id='word_1_120' title='bbox 1063 576 1121 592; x_wconf 74' lang='lat' dir='ltr'><strong>medi-</strong></span> 
     </span>
     <span class='ocr_line' id='line_1_12' title="bbox 186 608 1122 632; baseline -0.001 -6"><span class='ocrx_word' id='word_1_121' title='bbox 186 609 227 626; x_wconf 79' lang='lat' dir='ltr'><strong>cine</strong></span> <span class='ocrx_word' id='word_1_122' title='bbox 242 609 300 626; x_wconf 79' lang='lat' dir='ltr'><strong>eidem</strong></span> <span class='ocrx_word' id='word_1_123' title='bbox 317 609 419 632; x_wconf 77' lang='lat' dir='ltr'><strong>presentari</strong></span> <span class='ocrx_word' id='word_1_124' title='bbox 436 615 469 632; x_wconf 86' lang='lat' dir='ltr'><strong>pro</strong></span> <span class='ocrx_word' id='word_1_125' title='bbox 488 609 561 626; x_wconf 79' lang='lat' dir='ltr'><strong>licentia</strong></span> <span class='ocrx_word' id='word_1_126' title='bbox 579 609 685 630; x_wconf 85' lang='lat' dir='ltr'><strong>obtinenda,</strong></span> <span class='ocrx_word' id='word_1_127' title='bbox 700 612 718 626; x_wconf 86' lang='lat' dir='ltr'><strong>et</strong></span> <span class='ocrx_word' id='word_1_128' title='bbox 732 609 781 632; x_wconf 85' lang='lat' dir='ltr'><strong>quod</strong></span> <span class='ocrx_word' id='word_1_129' title='bbox 796 609 896 632; x_wconf 85' lang='lat' dir='ltr'><strong>predictum</strong></span> <span class='ocrx_word' id='word_1_130' title='bbox 913 608 1009 625; x_wconf 84' lang='lat' dir='ltr'><strong>Alfonsum</strong></span> <span class='ocrx_word' id='word_1_131' title='bbox 1027 608 1122 631; x_wconf 78' lang='lat' dir='ltr'><strong>reputabat</strong></span> 
     </span>
     <span class='ocr_line' id='line_1_13' title="bbox 187 642 1133 666; baseline -0.001 -7"><span class='ocrx_word' id='word_1_132' title='bbox 187 642 278 665; x_wconf 82' lang='lat' dir='ltr'><strong>ydoneum</strong></span> <span class='ocrx_word' id='word_1_133' title='bbox 288 645 306 659; x_wconf 82' lang='lat' dir='ltr'><strong>et</strong></span> <span class='ocrx_word' id='word_1_134' title='bbox 315 642 365 664; x_wconf 79' lang='lat' dir='ltr'><strong>quod</strong></span> <span class='ocrx_word' id='word_1_135' title='bbox 379 648 412 665; x_wconf 88' lang='lat' dir='ltr'><strong>pro</strong></span> <span class='ocrx_word' id='word_1_136' title='bbox 422 642 463 665; x_wconf 79' lang='lat' dir='ltr'><strong>ipso</strong></span> <span class='ocrx_word' id='word_1_137' title='bbox 474 642 509 659; x_wconf 81' lang='lat' dir='ltr'><strong>sibi</strong></span> <span class='ocrx_word' id='word_1_138' title='bbox 521 643 620 665; x_wconf 73' lang='lat' dir='ltr'><strong>scripserat</strong></span> <span class='ocrx_word' id='word_1_139' title='bbox 629 648 660 660; x_wconf 84' lang='lat' dir='ltr'><strong>rex</strong></span> <span class='ocrx_word' id='word_1_140' title='bbox 675 642 784 666; x_wconf 59' lang='lat' dir='ltr'><strong>Portugalie,</strong></span> <span class='ocrx_word' id='word_1_141' title='bbox 801 646 818 659; x_wconf 90' lang='lat' dir='ltr'><strong>et</strong></span> <span class='ocrx_word' id='word_1_142' title='bbox 832 642 880 665; x_wconf 89' lang='lat' dir='ltr'><strong>quod</strong></span> <span class='ocrx_word' id='word_1_143' title='bbox 895 648 942 659; x_wconf 84' lang='lat' dir='ltr'><strong>auno</strong></span> <span class='ocrx_word' id='word_1_144' title='bbox 956 642 1020 659; x_wconf 82' lang='lat' dir='ltr'><strong>ultimo</strong></span> <span class='ocrx_word' id='word_1_145' title='bbox 1034 642 1120 664; x_wconf 80' lang='lat' dir='ltr'><strong>preterito</strong></span> <span class='ocrx_word' id='word_1_146' title='bbox 1130 646 1133 649; x_wconf 91' lang='grc'><strong><em>·</em></strong></span> 
     </span>
     <span class='ocr_line' id='line_1_14' title="bbox 187 675 1121 698; baseline 0 -6"><span class='ocrx_word' id='word_1_147' title='bbox 187 676 226 698; x_wconf 80' lang='lat' dir='ltr'><strong>ipse</strong></span> <span class='ocrx_word' id='word_1_148' title='bbox 243 675 363 692; x_wconf 75' lang='lat' dir='ltr'><strong>cancellarius</strong></span> <span class='ocrx_word' id='word_1_149' title='bbox 380 678 449 698; x_wconf 78' lang='lat' dir='ltr'><strong>septem</strong></span> <span class='ocrx_word' id='word_1_150' title='bbox 465 675 576 692; x_wconf 80' lang='lat' dir='ltr'><strong>baeealarios</strong></span> <span class='ocrx_word' id='word_1_151' title='bbox 592 676 616 692; x_wconf 84' lang='lat' dir='ltr'><strong>ob</strong></span> <span class='ocrx_word' id='word_1_152' title='bbox 625 676 746 693; x_wconf 81' lang='lat' dir='ltr'><strong>reverentiam</strong></span> <span class='ocrx_word' id='word_1_153' title='bbox 762 676 844 698; x_wconf 78' lang='lat' dir='ltr'><strong>ejusdem</strong></span> <span class='ocrx_word' id='word_1_154' title='bbox 859 675 949 692; x_wconf 74' lang='lat' dir='ltr'><strong>facultatis</strong></span> <span class='ocrx_word' id='word_1_155' title='bbox 965 675 1089 692; x_wconf 84' lang='lat' dir='ltr'><strong>licentiaverat</strong></span> <span class='ocrx_word' id='word_1_156' title='bbox 1102 675 1121 692; x_wconf 87' lang='lat' dir='ltr'><strong>iu</strong></span> 
     </span>
     <span class='ocr_line' id='line_1_15' title="bbox 187 704 1122 732; baseline 0.001 -8"><span class='ocrx_word' id='word_1_157' title='bbox 187 708 278 725; x_wconf 83' lang='lat' dir='ltr'><strong>medicina</strong></span> <span class='ocrx_word' id='word_1_158' title='bbox 287 708 381 731; x_wconf 80' lang='lat' dir='ltr'><strong>indignos,</strong></span> <span class='ocrx_word' id='word_1_159' title='bbox 398 708 428 730; x_wconf 85' lang='lat' dir='ltr'><strong>qui</strong></span> <span class='ocrx_word' id='word_1_160' title='bbox 438 708 511 725; x_wconf 79' lang='lat' dir='ltr'><strong>suerunt</strong></span> <span class='ocrx_word' id='word_1_161' title='bbox 523 708 581 725; x_wconf 87' lang='lat' dir='ltr'><strong>eidem</strong></span> <span class='ocrx_word' id='word_1_162' title='bbox 592 714 625 731; x_wconf 80' lang='lat' dir='ltr'><strong>per</strong></span> <span class='ocrx_word' id='word_1_163' title='bbox 634 708 700 725; x_wconf 81' lang='lat' dir='ltr'><strong>dietam</strong></span> <span class='ocrx_word' id='word_1_164' title='bbox 710 708 812 725; x_wconf 67' lang='lat' dir='ltr'><strong>facultatem</strong></span> <span class='ocrx_word' id='word_1_165' title='bbox 823 709 928 732; x_wconf 73' lang='lat' dir='ltr'><strong>presentati,</strong></span> <span class='ocrx_word' id='word_1_166' title='bbox 939 704 983 725; x_wconf 87' lang='lat' dir='ltr'><strong>licet</strong></span> <span class='ocrx_word' id='word_1_167' title='bbox 992 709 1042 731; x_wconf 86' lang='lat' dir='ltr'><strong>ipsos</strong></span> <span class='ocrx_word' id='word_1_168' title='bbox 1053 708 1122 731; x_wconf 86' lang='lat' dir='ltr'><strong>potuis-</strong></span> 
     </span>
     <span class='ocr_line' id='line_1_16' title="bbox 187 741 421 764; baseline -0.004 -6"><span class='ocrx_word' id='word_1_169' title='bbox 187 745 216 758; x_wconf 80' lang='lat' dir='ltr'><strong>set</strong></span> <span class='ocrx_word' id='word_1_170' title='bbox 224 741 247 758; x_wconf 84' lang='lat' dir='ltr'><strong>de</strong></span> <span class='ocrx_word' id='word_1_171' title='bbox 258 741 320 764; x_wconf 83' lang='lat' dir='ltr'><strong>rigore</strong></span> <span class='ocrx_word' id='word_1_172' title='bbox 331 741 421 758; x_wconf 73' lang='lat' dir='ltr'><strong>renuisse.</strong></span> 
     </span>
    </p>

    <p class='ocr_par' dir='ltr' id='par_1_5' title="bbox 186 774 1126 1461">
     <span class='ocr_line' id='line_1_17' title="bbox 231 774 1122 798; baseline 0.001 -7"><span class='ocrx_word' id='word_1_173' title='bbox 231 775 309 797; x_wconf 78' lang='lat' dir='ltr'><strong>Propter</strong></span> <span class='ocrx_word' id='word_1_174' title='bbox 318 774 407 797; x_wconf 78' lang='lat' dir='ltr'><strong>premissa</strong></span> <span class='ocrx_word' id='word_1_175' title='bbox 415 774 439 796; x_wconf 74' lang='lat' dir='ltr'><strong>[et</strong></span> <span class='ocrx_word' id='word_1_176' title='bbox 446 780 470 791; x_wconf 86' lang='lat' dir='ltr'><strong>ne</strong></span> <span class='ocrx_word' id='word_1_177' title='bbox 479 774 499 791; x_wconf 92' lang='lat' dir='ltr'><strong>in</strong></span> <span class='ocrx_word' id='word_1_178' title='bbox 508 774 629 797; x_wconf 82' lang='lat' dir='ltr'><strong>prejudicium</strong></span> <span class='ocrx_word' id='word_1_179' title='bbox 640 774 699 797; x_wconf 77' lang='lat' dir='ltr'><strong>ipsius</strong></span> <span class='ocrx_word' id='word_1_180' title='bbox 709 775 799 792; x_wconf 77' lang='lat' dir='ltr'><strong>facultatis</strong></span> <span class='ocrx_word' id='word_1_181' title='bbox 807 781 919 798; x_wconf 82' lang='lat' dir='ltr'><strong>suorumque</strong></span> <span class='ocrx_word' id='word_1_182' title='bbox 928 775 1072 798; x_wconf 77' lang='lat' dir='ltr'><strong>privilegiorum,</strong></span> <span class='ocrx_word' id='word_1_183' title='bbox 1081 781 1122 792; x_wconf 86' lang='lat' dir='ltr'><strong>con·</strong></span> 
     </span>
     <span class='ocr_line' id='line_1_18' title="bbox 188 807 1122 830; baseline 0.001 -6"><span class='ocrx_word' id='word_1_184' title='bbox 188 808 305 825; x_wconf 82' lang='lat' dir='ltr'><strong>suetudinum</strong></span> <span class='ocrx_word' id='word_1_185' title='bbox 315 811 334 824; x_wconf 87' lang='lat' dir='ltr'><strong>et</strong></span> <span class='ocrx_word' id='word_1_186' title='bbox 343 807 499 825; x_wconf 73' lang='lat' dir='ltr'><strong>observantiarum</strong></span> <span class='ocrx_word' id='word_1_187' title='bbox 508 808 623 830; x_wconf 81' lang='lat' dir='ltr'><strong>antiquarum</strong></span> <span class='ocrx_word' id='word_1_188' title='bbox 633 808 762 830; x_wconf 69' lang='lat' dir='ltr'><strong>predictarum,</strong></span> <span class='ocrx_word' id='word_1_189' title='bbox 773 814 808 830; x_wconf 86' lang='lat' dir='ltr'><strong>que</strong></span> <span class='ocrx_word' id='word_1_190' title='bbox 818 811 861 825; x_wconf 80' lang='lat' dir='ltr'><strong>sunt</strong></span> <span class='ocrx_word' id='word_1_191' title='bbox 875 808 929 825; x_wconf 81' lang='lat' dir='ltr'><strong>etiam</strong></span> <span class='ocrx_word' id='word_1_192' title='bbox 940 808 960 825; x_wconf 91' lang='lat' dir='ltr'><strong>in</strong></span> <span class='ocrx_word' id='word_1_193' title='bbox 971 808 1052 825; x_wconf 79' lang='lat' dir='ltr'><strong>favorem</strong></span> <span class='ocrx_word' id='word_1_194' title='bbox 1066 808 1122 825; x_wconf 76' lang='lat' dir='ltr'><strong>totius</strong></span> 
     </span>
     <span class='ocr_line' id='line_1_19' title="bbox 188 841 1122 864; baseline 0 -7"><span class='ocrx_word' id='word_1_195' title='bbox 188 841 288 864; x_wconf 79' lang='lat' dir='ltr'><strong>reipublice</strong></span> <span class='ocrx_word' id='word_1_196' title='bbox 303 844 320 858; x_wconf 82' lang='lat' dir='ltr'><strong>et</strong></span> <span class='ocrx_word' id='word_1_197' title='bbox 334 841 409 858; x_wconf 77' lang='lat' dir='ltr'><strong>suerunt.</strong></span> <span class='ocrx_word' id='word_1_198' title='bbox 417 841 500 858; x_wconf 73' lang='lat' dir='ltr'><strong>institute</strong></span> <span class='ocrx_word' id='word_1_199' title='bbox 510 847 543 858; x_wconf 75' lang='lat' dir='ltr'><strong>seu</strong></span> <span class='ocrx_word' id='word_1_200' title='bbox 557 841 660 857; x_wconf 72' lang='lat' dir='ltr'><strong>inti-educte</strong></span> <span class='ocrx_word' id='word_1_201' title='bbox 675 844 693 857; x_wconf 90' lang='lat' dir='ltr'><strong>et</strong></span> <span class='ocrx_word' id='word_1_202' title='bbox 702 841 755 858; x_wconf 86' lang='lat' dir='ltr'><strong>etiam</strong></span> <span class='ocrx_word' id='word_1_203' title='bbox 771 841 873 860; x_wconf 76' lang='lat' dir='ltr'><strong>observate,</strong></span> <span class='ocrx_word' id='word_1_204' title='bbox 888 841 956 858; x_wconf 85' lang='lat' dir='ltr'><strong>dictum</strong></span> <span class='ocrx_word' id='word_1_205' title='bbox 970 841 1085 864; x_wconf 80' lang='lat' dir='ltr'><strong>Alphonsum</strong></span> <span class='ocrx_word' id='word_1_206' title='bbox 1100 841 1122 858; x_wconf 87' lang='lat' dir='ltr'><strong>de</strong></span> 
     </span>
     <span class='ocr_line' id='line_1_20' title="bbox 186 873 1122 897; baseline -0.001 -6"><span class='ocrx_word' id='word_1_207' title='bbox 186 874 232 891; x_wconf 76' lang='lat' dir='ltr'><strong>sacto</strong></span> <span class='ocrx_word' id='word_1_208' title='bbox 243 874 346 891; x_wconf 80' lang='lat' dir='ltr'><strong>licentiaret</strong></span> <span class='ocrx_word' id='word_1_209' title='bbox 354 874 374 890; x_wconf 91' lang='lat' dir='ltr'><strong>in</strong></span> <span class='ocrx_word' id='word_1_210' title='bbox 383 874 465 897; x_wconf 74' lang='lat' dir='ltr'><strong>predicta</strong></span> <span class='ocrx_word' id='word_1_211' title='bbox 474 874 565 896; x_wconf 77' lang='lat' dir='ltr'><strong>facultate)</strong></span> <span class='ocrx_word' id='word_1_212' title='bbox 574 874 653 897; x_wconf 75' lang='lat' dir='ltr'><strong>predicti</strong></span> <span class='ocrx_word' id='word_1_213' title='bbox 662 873 743 891; x_wconf 78' lang='lat' dir='ltr'><strong>decanus</strong></span> <span class='ocrx_word' id='word_1_214' title='bbox 753 877 772 891; x_wconf 89' lang='lat' dir='ltr'><strong>et</strong></span> <span class='ocrx_word' id='word_1_215' title='bbox 781 874 863 897; x_wconf 80' lang='lat' dir='ltr'><strong>magistri</strong></span> <span class='ocrx_word' id='word_1_216' title='bbox 874 874 947 891; x_wconf 81' lang='lat' dir='ltr'><strong>nomine</strong></span> <span class='ocrx_word' id='word_1_217' title='bbox 962 880 996 891; x_wconf 89' lang='lat' dir='ltr'><strong>suo</strong></span> <span class='ocrx_word' id='word_1_218' title='bbox 1009 878 1027 891; x_wconf 79' lang='lat' dir='ltr'><strong>et</strong></span> <span class='ocrx_word' id='word_1_219' title='bbox 1041 874 1122 897; x_wconf 77' lang='lat' dir='ltr'><strong>predicte</strong></span> 
     </span>
     <span class='ocr_line' id='line_1_21' title="bbox 187 907 1122 931; baseline 0 -7"><span class='ocrx_word' id='word_1_220' title='bbox 187 907 277 925; x_wconf 78' lang='lat' dir='ltr'><strong>facultatis</strong></span> <span class='ocrx_word' id='word_1_221' title='bbox 287 911 349 925; x_wconf 85' lang='lat' dir='ltr'><strong>contra</strong></span> <span class='ocrx_word' id='word_1_222' title='bbox 359 908 448 931; x_wconf 78' lang='lat' dir='ltr'><strong>prefatum</strong></span> <span class='ocrx_word' id='word_1_223' title='bbox 459 907 565 931; x_wconf 82' lang='lat' dir='ltr'><strong>magistrum</strong></span> <span class='ocrx_word' id='word_1_224' title='bbox 576 907 694 925; x_wconf 84' lang='lat' dir='ltr'><strong>Guillelmum</strong></span> <span class='ocrx_word' id='word_1_225' title='bbox 705 907 833 924; x_wconf 82' lang='lat' dir='ltr'><strong>cancellarium</strong></span> <span class='ocrx_word' id='word_1_226' title='bbox 843 913 863 924; x_wconf 85' lang='lat' dir='ltr'><strong>ac</strong></span> <span class='ocrx_word' id='word_1_227' title='bbox 873 910 935 924; x_wconf 79' lang='lat' dir='ltr'><strong>contra</strong></span> <span class='ocrx_word' id='word_1_228' title='bbox 945 907 1047 930; x_wconf 76' lang='lat' dir='ltr'><strong>predictum</strong></span> <span class='ocrx_word' id='word_1_229' title='bbox 1059 907 1122 924; x_wconf 67' lang='lat' dir='ltr'><strong>Alton-</strong></span> 
     </span>
     <span class='ocr_line' id='line_1_22' title="bbox 188 940 1122 964; baseline 0 -7"><span class='ocrx_word' id='word_1_230' title='bbox 188 946 228 958; x_wconf 87' lang='lat' dir='ltr'><strong>sum</strong></span> <span class='ocrx_word' id='word_1_231' title='bbox 238 946 248 957; x_wconf 88' lang='lat' dir='ltr'><strong>a</strong></span> <span class='ocrx_word' id='word_1_232' title='bbox 258 941 346 964; x_wconf 75' lang='lat' dir='ltr'><strong>predictis</strong></span> <span class='ocrx_word' id='word_1_233' title='bbox 354 941 491 963; x_wconf 80' lang='lat' dir='ltr'><strong>gravaminibus</strong></span> <span class='ocrx_word' id='word_1_234' title='bbox 502 940 536 958; x_wconf 81' lang='lat' dir='ltr'><strong>sihi</strong></span> <span class='ocrx_word' id='word_1_235' title='bbox 547 946 580 964; x_wconf 79' lang='lat' dir='ltr'><strong>per</strong></span> <span class='ocrx_word' id='word_1_236' title='bbox 590 940 658 957; x_wconf 82' lang='lat' dir='ltr'><strong>dictum</strong></span> <span class='ocrx_word' id='word_1_237' title='bbox 668 940 795 957; x_wconf 83' lang='lat' dir='ltr'><strong>cancellarium</strong></span> <span class='ocrx_word' id='word_1_238' title='bbox 806 940 920 957; x_wconf 77' lang='lat' dir='ltr'><strong>comminatis</strong></span> <span class='ocrx_word' id='word_1_239' title='bbox 931 944 948 957; x_wconf 89' lang='lat' dir='ltr'><strong>et</strong></span> <span class='ocrx_word' id='word_1_240' title='bbox 960 940 1016 957; x_wconf 87' lang='lat' dir='ltr'><strong>illatis</strong></span> <span class='ocrx_word' id='word_1_241' title='bbox 1029 943 1048 957; x_wconf 80' lang='lat' dir='ltr'><strong>et</strong></span> <span class='ocrx_word' id='word_1_242' title='bbox 1059 946 1122 957; x_wconf 87' lang='lat' dir='ltr'><strong>eorum</strong></span> 
     </span>
     <span class='ocr_line' id='line_1_23' title="bbox 188 973 1123 997; baseline -0.001 -6"><span class='ocrx_word' id='word_1_243' title='bbox 188 973 271 997; x_wconf 86' lang='lat' dir='ltr'><strong>quolibet</strong></span> <span class='ocrx_word' id='word_1_244' title='bbox 285 975 309 996; x_wconf 83' lang='lat' dir='ltr'><strong>(et</strong></span> <span class='ocrx_word' id='word_1_245' title='bbox 322 980 346 991; x_wconf 85' lang='lat' dir='ltr'><strong>ne</strong></span> <span class='ocrx_word' id='word_1_246' title='bbox 358 973 378 990; x_wconf 87' lang='lat' dir='ltr'><strong>in</strong></span> <span class='ocrx_word' id='word_1_247' title='bbox 392 977 485 997; x_wconf 83' lang='lat' dir='ltr'><strong>posterum</strong></span> <span class='ocrx_word' id='word_1_248' title='bbox 501 973 579 997; x_wconf 79' lang='lat' dir='ltr'><strong>amplius</strong></span> <span class='ocrx_word' id='word_1_249' title='bbox 593 979 626 997; x_wconf 85' lang='lat' dir='ltr'><strong>per</strong></span> <span class='ocrx_word' id='word_1_250' title='bbox 640 973 708 990; x_wconf 89' lang='lat' dir='ltr'><strong>dictum</strong></span> <span class='ocrx_word' id='word_1_251' title='bbox 723 973 850 990; x_wconf 83' lang='lat' dir='ltr'><strong>cancellarium</strong></span> <span class='ocrx_word' id='word_1_252' title='bbox 866 977 985 997; x_wconf 76' lang='lat' dir='ltr'><strong>gravarentur</strong></span> <span class='ocrx_word' id='word_1_253' title='bbox 999 973 1022 990; x_wconf 87' lang='lat' dir='ltr'><strong>de</strong></span> <span class='ocrx_word' id='word_1_254' title='bbox 1035 974 1089 995; x_wconf 72' lang='lat' dir='ltr'><strong>facto,</strong></span> <span class='ocrx_word' id='word_1_255' title='bbox 1105 977 1123 990; x_wconf 85' lang='lat' dir='ltr'><strong>et</strong></span> 
     </span>
     <span class='ocr_line' id='line_1_24' title="bbox 189 1007 1123 1030; baseline 0 -6"><span class='ocrx_word' id='word_1_256' title='bbox 189 1007 264 1024; x_wconf 77' lang='lat' dir='ltr'><strong>maxime</strong></span> <span class='ocrx_word' id='word_1_257' title='bbox 276 1013 298 1024; x_wconf 87' lang='lat' dir='ltr'><strong>ne</strong></span> <span class='ocrx_word' id='word_1_258' title='bbox 309 1007 331 1024; x_wconf 83' lang='lat' dir='ltr'><strong>ad</strong></span> <span class='ocrx_word' id='word_1_259' title='bbox 342 1007 407 1024; x_wconf 84' lang='lat' dir='ltr'><strong>dictam</strong></span> <span class='ocrx_word' id='word_1_260' title='bbox 417 1007 508 1024; x_wconf 80' lang='lat' dir='ltr'><strong>licentiam</strong></span> <span class='ocrx_word' id='word_1_261' title='bbox 520 1007 564 1024; x_wconf 86' lang='lat' dir='ltr'><strong>dicti</strong></span> <span class='ocrx_word' id='word_1_262' title='bbox 575 1007 664 1030; x_wconf 83' lang='lat' dir='ltr'><strong>Alphonsi</strong></span> <span class='ocrx_word' id='word_1_263' title='bbox 675 1007 697 1024; x_wconf 88' lang='lat' dir='ltr'><strong>de</strong></span> <span class='ocrx_word' id='word_1_264' title='bbox 707 1007 754 1024; x_wconf 74' lang='lat' dir='ltr'><strong>facto</strong></span> <span class='ocrx_word' id='word_1_265' title='bbox 764 1007 872 1030; x_wconf 79' lang='lat' dir='ltr'><strong>procederet</strong></span> <span class='ocrx_word' id='word_1_266' title='bbox 879 1013 920 1024; x_wconf 85' lang='lat' dir='ltr'><strong>cum</strong></span> <span class='ocrx_word' id='word_1_267' title='bbox 931 1007 1002 1030; x_wconf 81' lang='lat' dir='ltr'><strong>dejure</strong></span> <span class='ocrx_word' id='word_1_268' title='bbox 1012 1013 1050 1024; x_wconf 85' lang='lat' dir='ltr'><strong>nou</strong></span> <span class='ocrx_word' id='word_1_269' title='bbox 1059 1010 1123 1030; x_wconf 79' lang='lat' dir='ltr'><strong>posset</strong></span> 
     </span>
     <span class='ocr_line' id='line_1_25' title="bbox 188 1039 1122 1063; baseline 0.001 -7"><span class='ocrx_word' id='word_1_270' title='bbox 188 1040 206 1057; x_wconf 90' lang='lat' dir='ltr'><strong>in</strong></span> <span class='ocrx_word' id='word_1_271' title='bbox 217 1039 250 1056; x_wconf 86' lang='lat' dir='ltr'><strong>hac</strong></span> <span class='ocrx_word' id='word_1_272' title='bbox 260 1041 316 1063; x_wconf 79' lang='lat' dir='ltr'><strong>parte)</strong></span> <span class='ocrx_word' id='word_1_273' title='bbox 325 1040 414 1057; x_wconf 83' lang='lat' dir='ltr'><strong>canonice</strong></span> <span class='ocrx_word' id='word_1_274' title='bbox 424 1043 442 1057; x_wconf 92' lang='lat' dir='ltr'><strong>et</strong></span> <span class='ocrx_word' id='word_1_275' title='bbox 451 1040 471 1056; x_wconf 91' lang='lat' dir='ltr'><strong>in</strong></span> <span class='ocrx_word' id='word_1_276' title='bbox 482 1039 556 1062; x_wconf 80' lang='lat' dir='ltr'><strong>scriptis</strong></span> <span class='ocrx_word' id='word_1_277' title='bbox 566 1039 588 1056; x_wconf 87' lang='lat' dir='ltr'><strong>ad</strong></span> <span class='ocrx_word' id='word_1_278' title='bbox 599 1043 678 1057; x_wconf 83' lang='lat' dir='ltr'><strong>sanctam</strong></span> <span class='ocrx_word' id='word_1_279' title='bbox 689 1040 751 1056; x_wconf 88' lang='lat' dir='ltr'><strong>sedem</strong></span> <span class='ocrx_word' id='word_1_280' title='bbox 764 1040 888 1063; x_wconf 66' lang='lat' dir='ltr'><strong>apostolicam,</strong></span> <span class='ocrx_word' id='word_1_281' title='bbox 899 1040 951 1063; x_wconf 79' lang='lat' dir='ltr'><strong>cujus</strong></span> <span class='ocrx_word' id='word_1_282' title='bbox 964 1045 997 1057; x_wconf 81' lang='lat' dir='ltr'><strong>vos</strong></span> <span class='ocrx_word' id='word_1_283' title='bbox 1009 1040 1054 1057; x_wconf 73' lang='lat' dir='ltr'><strong>estis</strong></span> <span class='ocrx_word' id='word_1_284' title='bbox 1064 1040 1122 1062; x_wconf 87' lang='lat' dir='ltr'><strong>judex</strong></span> 
     </span>
     <span class='ocr_line' id='line_1_26' title="bbox 189 1072 1121 1096; baseline -0.001 -6"><span class='ocrx_word' id='word_1_285' title='bbox 189 1073 290 1096; x_wconf 69' lang='lat' dir='ltr'><strong>delegatus,</strong></span> <span class='ocrx_word' id='word_1_286' title='bbox 307 1076 431 1096; x_wconf 79' lang='lat' dir='ltr'><strong>provocarunt</strong></span> <span class='ocrx_word' id='word_1_287' title='bbox 445 1076 463 1090; x_wconf 83' lang='lat' dir='ltr'><strong>et</strong></span> <span class='ocrx_word' id='word_1_288' title='bbox 477 1073 530 1090; x_wconf 86' lang='lat' dir='ltr'><strong>etiam</strong></span> <span class='ocrx_word' id='word_1_289' title='bbox 546 1072 662 1096; x_wconf 83' lang='lat' dir='ltr'><strong>appellarunt</strong></span> <span class='ocrx_word' id='word_1_290' title='bbox 677 1078 710 1096; x_wconf 83' lang='lat' dir='ltr'><strong>per</strong></span> <span class='ocrx_word' id='word_1_291' title='bbox 723 1076 860 1095; x_wconf 78' lang='lat' dir='ltr'><strong>procuratorem</strong></span> <span class='ocrx_word' id='word_1_292' title='bbox 877 1073 968 1096; x_wconf 79' lang='lat' dir='ltr'><strong>ydoneum</strong></span> <span class='ocrx_word' id='word_1_293' title='bbox 984 1073 1057 1090; x_wconf 84' lang='lat' dir='ltr'><strong>nornine</strong></span> <span class='ocrx_word' id='word_1_294' title='bbox 1074 1073 1121 1090; x_wconf 84' lang='lat' dir='ltr'><strong>dicte</strong></span> 
     </span>
     <span class='ocr_line' id='line_1_27' title="bbox 188 1105 1122 1129; baseline -0.001 -6"><span class='ocrx_word' id='word_1_295' title='bbox 188 1106 278 1123; x_wconf 78' lang='lat' dir='ltr'><strong>facultatis</strong></span> <span class='ocrx_word' id='word_1_296' title='bbox 288 1109 306 1123; x_wconf 86' lang='lat' dir='ltr'><strong>et</strong></span> <span class='ocrx_word' id='word_1_297' title='bbox 315 1112 349 1129; x_wconf 81' lang='lat' dir='ltr'><strong>pro</strong></span> <span class='ocrx_word' id='word_1_298' title='bbox 358 1106 405 1129; x_wconf 82' lang='lat' dir='ltr'><strong>ipsa,</strong></span> <span class='ocrx_word' id='word_1_299' title='bbox 415 1112 435 1123; x_wconf 87' lang='lat' dir='ltr'><strong>ac</strong></span> <span class='ocrx_word' id='word_1_300' title='bbox 444 1105 538 1129; x_wconf 80' lang='lat' dir='ltr'><strong>apostolos</strong></span> <span class='ocrx_word' id='word_1_301' title='bbox 548 1106 640 1129; x_wconf 81' lang='lat' dir='ltr'><strong>petierunt</strong></span> <span class='ocrx_word' id='word_1_302' title='bbox 651 1105 686 1123; x_wconf 84' lang='lat' dir='ltr'><strong>sibi</strong></span> <span class='ocrx_word' id='word_1_303' title='bbox 695 1105 734 1122; x_wconf 76' lang='lat' dir='ltr'><strong>dari</strong></span> <span class='ocrx_word' id='word_1_304' title='bbox 745 1112 754 1123; x_wconf 84' lang='lat' dir='ltr'><strong>a</strong></span> <span class='ocrx_word' id='word_1_305' title='bbox 764 1106 813 1123; x_wconf 84' lang='lat' dir='ltr'><strong>dicto</strong></span> <span class='ocrx_word' id='word_1_306' title='bbox 822 1105 931 1123; x_wconf 80' lang='lat' dir='ltr'><strong>cancellario</strong></span> <span class='ocrx_word' id='word_1_307' title='bbox 940 1106 987 1123; x_wconf 74' lang='lat' dir='ltr'><strong>infra</strong></span> <span class='ocrx_word' id='word_1_308' title='bbox 995 1109 1066 1128; x_wconf 83' lang='lat' dir='ltr'><strong>tempus</strong></span> <span class='ocrx_word' id='word_1_309' title='bbox 1073 1106 1122 1128; x_wconf 79' lang='lat' dir='ltr'><strong>juris</strong></span> 
     </span>
     <span class='ocr_line' id='line_1_28' title="bbox 189 1139 1122 1162; baseline 0 -6"><span class='ocrx_word' id='word_1_310' title='bbox 189 1143 206 1156; x_wconf 87' lang='lat' dir='ltr'><strong>et</strong></span> <span class='ocrx_word' id='word_1_311' title='bbox 216 1143 270 1162; x_wconf 85' lang='lat' dir='ltr'><strong>prout</strong></span> <span class='ocrx_word' id='word_1_312' title='bbox 280 1139 316 1156; x_wconf 84' lang='lat' dir='ltr'><strong>sibi</strong></span> <span class='ocrx_word' id='word_1_313' title='bbox 325 1139 378 1156; x_wconf 83' lang='lat' dir='ltr'><strong>licuit</strong></span> <span class='ocrx_word' id='word_1_314' title='bbox 389 1142 424 1156; x_wconf 84' lang='lat' dir='ltr'><strong>tam</strong></span> <span class='ocrx_word' id='word_1_315' title='bbox 439 1139 511 1162; x_wconf 82' lang='lat' dir='ltr'><strong>dejure</strong></span> <span class='ocrx_word' id='word_1_316' title='bbox 522 1145 574 1162; x_wconf 82' lang='lat' dir='ltr'><strong>quam</strong></span> <span class='ocrx_word' id='word_1_317' title='bbox 589 1139 610 1156; x_wconf 81' lang='lat' dir='ltr'><strong>de</strong></span> <span class='ocrx_word' id='word_1_318' title='bbox 626 1139 759 1156; x_wconf 76' lang='lat' dir='ltr'><strong>consuetudine</strong></span> <span class='ocrx_word' id='word_1_319' title='bbox 774 1139 877 1162; x_wconf 78' lang='lat' dir='ltr'><strong>approbata.</strong></span> <span class='ocrx_word' id='word_1_320' title='bbox 894 1139 932 1161; x_wconf 85' lang='lat' dir='ltr'><strong>Qua</strong></span> <span class='ocrx_word' id='word_1_321' title='bbox 946 1139 1075 1162; x_wconf 74' lang='lat' dir='ltr'><strong>provocatione</strong></span> <span class='ocrx_word' id='word_1_322' title='bbox 1089 1145 1122 1156; x_wconf 83' lang='lat' dir='ltr'><strong>seu</strong></span> 
     </span>
     <span class='ocr_line' id='line_1_29' title="bbox 189 1172 1122 1195; baseline 0 -6"><span class='ocrx_word' id='word_1_323' title='bbox 189 1173 310 1195; x_wconf 76' lang='lat' dir='ltr'><strong>appellatione</strong></span> <span class='ocrx_word' id='word_1_324' title='bbox 320 1173 380 1189; x_wconf 90' lang='lat' dir='ltr'><strong>eidem</strong></span> <span class='ocrx_word' id='word_1_325' title='bbox 389 1172 472 1195; x_wconf 69' lang='lat' dir='ltr'><strong>legin&#39;me</strong></span> <span class='ocrx_word' id='word_1_326' title='bbox 481 1172 562 1189; x_wconf 81' lang='lat' dir='ltr'><strong>intimata</strong></span> <span class='ocrx_word' id='word_1_327' title='bbox 572 1178 609 1189; x_wconf 90' lang='lat' dir='ltr'><strong>non</strong></span> <span class='ocrx_word' id='word_1_328' title='bbox 624 1172 707 1189; x_wconf 81' lang='lat' dir='ltr'><strong>obstante</strong></span> <span class='ocrx_word' id='word_1_329' title='bbox 722 1176 741 1189; x_wconf 81' lang='lat' dir='ltr'><strong>et</strong></span> <span class='ocrx_word' id='word_1_330' title='bbox 753 1178 775 1189; x_wconf 83' lang='lat' dir='ltr'><strong>ea</strong></span> <span class='ocrx_word' id='word_1_331' title='bbox 789 1176 849 1195; x_wconf 77' lang='lat' dir='ltr'><strong>spreta</strong></span> <span class='ocrx_word' id='word_1_332' title='bbox 863 1172 893 1189; x_wconf 89' lang='lat' dir='ltr'><strong>vel</strong></span> <span class='ocrx_word' id='word_1_333' title='bbox 908 1172 992 1195; x_wconf 84' lang='lat' dir='ltr'><strong>neglecta</strong></span> <span class='ocrx_word' id='word_1_334' title='bbox 1006 1178 1038 1195; x_wconf 84' lang='lat' dir='ltr'><strong>per</strong></span> <span class='ocrx_word' id='word_1_335' title='bbox 1055 1172 1122 1189; x_wconf 84' lang='lat' dir='ltr'><strong>dictum</strong></span> 
     </span>
     <span class='ocr_line' id='line_1_30' title="bbox 189 1205 1124 1229; baseline 0 -7"><span class='ocrx_word' id='word_1_336' title='bbox 189 1206 323 1227; x_wconf 63' lang='lat' dir='ltr'><strong>cancellarium,</strong></span> <span class='ocrx_word' id='word_1_337' title='bbox 333 1206 426 1228; x_wconf 83' lang='lat' dir='ltr'><strong>predictus</strong></span> <span class='ocrx_word' id='word_1_338' title='bbox 434 1206 554 1223; x_wconf 76' lang='lat' dir='ltr'><strong>cancellarius</strong></span> <span class='ocrx_word' id='word_1_339' title='bbox 562 1209 625 1223; x_wconf 82' lang='lat' dir='ltr'><strong>contra</strong></span> <span class='ocrx_word' id='word_1_340' title='bbox 633 1206 735 1229; x_wconf 64' lang='lat' dir='ltr'><strong>privilegia,</strong></span> <span class='ocrx_word' id='word_1_341' title='bbox 744 1206 887 1222; x_wconf 79' lang='lat' dir='ltr'><strong>consuetudines</strong></span> <span class='ocrx_word' id='word_1_342' title='bbox 897 1209 915 1223; x_wconf 81' lang='lat' dir='ltr'><strong>et.</strong></span> <span class='ocrx_word' id='word_1_343' title='bbox 925 1205 1050 1223; x_wconf 73' lang='lat' dir='ltr'><strong>observantiae</strong></span> <span class='ocrx_word' id='word_1_344' title='bbox 1060 1211 1124 1229; x_wconf 81' lang='lat' dir='ltr'><strong>supra-</strong></span> 
     </span>
     <span class='ocr_line' id='line_1_31' title="bbox 190 1239 1124 1262; baseline 0 -6"><span class='ocrx_word' id='word_1_345' title='bbox 190 1239 246 1256; x_wconf 84' lang='lat' dir='ltr'><strong>dictas</strong></span> <span class='ocrx_word' id='word_1_346' title='bbox 257 1245 347 1262; x_wconf 78' lang='lat' dir='ltr'><strong>usumque</strong></span> <span class='ocrx_word' id='word_1_347' title='bbox 357 1242 376 1256; x_wconf 91' lang='lat' dir='ltr'><strong>et</strong></span> <span class='ocrx_word' id='word_1_348' title='bbox 384 1239 522 1262; x_wconf 78' lang='lat' dir='ltr'><strong>possessionem</strong></span> <span class='ocrx_word' id='word_1_349' title='bbox 532 1239 562 1256; x_wconf 86' lang='lat' dir='ltr'><strong>vel</strong></span> <span class='ocrx_word' id='word_1_350' title='bbox 572 1239 654 1262; x_wconf 83' lang='lat' dir='ltr'><strong>quamvis</strong></span> <span class='ocrx_word' id='word_1_351' title='bbox 664 1239 712 1256; x_wconf 87' lang='lat' dir='ltr'><strong>dicte</strong></span> <span class='ocrx_word' id='word_1_352' title='bbox 724 1239 814 1256; x_wconf 77' lang='lat' dir='ltr'><strong>facultatis</strong></span> <span class='ocrx_word' id='word_1_353' title='bbox 827 1239 846 1256; x_wconf 88' lang='lat' dir='ltr'><strong>in</strong></span> <span class='ocrx_word' id='word_1_354' title='bbox 856 1239 951 1262; x_wconf 79' lang='lat' dir='ltr'><strong>premissis</strong></span> <span class='ocrx_word' id='word_1_355' title='bbox 965 1239 987 1256; x_wconf 86' lang='lat' dir='ltr'><strong>de</strong></span> <span class='ocrx_word' id='word_1_356' title='bbox 1000 1239 1047 1256; x_wconf 83' lang='lat' dir='ltr'><strong>sacto</strong></span> <span class='ocrx_word' id='word_1_357' title='bbox 1058 1239 1124 1256; x_wconf 86' lang='lat' dir='ltr'><strong>solum-</strong></span> 
     </span>
     <span class='ocr_line' id='line_1_32' title="bbox 189 1272 1123 1295; baseline 0 -6"><span class='ocrx_word' id='word_1_358' title='bbox 189 1272 251 1293; x_wconf 78' lang='lat' dir='ltr'><strong>modo,</strong></span> <span class='ocrx_word' id='word_1_359' title='bbox 261 1278 301 1289; x_wconf 85' lang='lat' dir='ltr'><strong>cum</strong></span> <span class='ocrx_word' id='word_1_360' title='bbox 312 1272 335 1289; x_wconf 84' lang='lat' dir='ltr'><strong>de</strong></span> <span class='ocrx_word' id='word_1_361' title='bbox 346 1273 388 1295; x_wconf 82' lang='lat' dir='ltr'><strong>jure</strong></span> <span class='ocrx_word' id='word_1_362' title='bbox 401 1278 438 1289; x_wconf 82' lang='lat' dir='ltr'><strong>non</strong></span> <span class='ocrx_word' id='word_1_363' title='bbox 450 1276 519 1295; x_wconf 73' lang='lat' dir='ltr'><strong>posset⁷</strong></span> <span class='ocrx_word' id='word_1_364' title='bbox 534 1273 634 1290; x_wconf 78' lang='lat' dir='ltr'><strong>licentiavit</strong></span> <span class='ocrx_word' id='word_1_365' title='bbox 644 1273 712 1290; x_wconf 90' lang='lat' dir='ltr'><strong>dictum</strong></span> <span class='ocrx_word' id='word_1_366' title='bbox 727 1272 842 1295; x_wconf 78' lang='lat' dir='ltr'><strong>Alphousum</strong></span> <span class='ocrx_word' id='word_1_367' title='bbox 856 1272 875 1289; x_wconf 89' lang='lat' dir='ltr'><strong>in</strong></span> <span class='ocrx_word' id='word_1_368' title='bbox 890 1273 937 1289; x_wconf 91' lang='lat' dir='ltr'><strong>dicte</strong></span> <span class='ocrx_word' id='word_1_369' title='bbox 950 1272 1040 1290; x_wconf 80' lang='lat' dir='ltr'><strong>facultatis</strong></span> <span class='ocrx_word' id='word_1_370' title='bbox 1054 1276 1071 1289; x_wconf 85' lang='lat' dir='ltr'><strong>et</strong></span> <span class='ocrx_word' id='word_1_371' title='bbox 1088 1273 1123 1290; x_wconf 82' lang='lat' dir='ltr'><strong>dic-</strong></span> 
     </span>
     <span class='ocr_line' id='line_1_33' title="bbox 190 1305 1124 1329; baseline 0 -7"><span class='ocrx_word' id='word_1_372' title='bbox 190 1308 249 1322; x_wconf 84' lang='lat' dir='ltr'><strong>torum</strong></span> <span class='ocrx_word' id='word_1_373' title='bbox 259 1305 388 1328; x_wconf 77' lang='lat' dir='ltr'><strong>appellantium</strong></span> <span class='ocrx_word' id='word_1_374' title='bbox 399 1311 484 1328; x_wconf 83' lang='lat' dir='ltr'><strong>magnum</strong></span> <span class='ocrx_word' id='word_1_375' title='bbox 495 1305 606 1327; x_wconf 84' lang='lat' dir='ltr'><strong>scandalum⁷</strong></span> <span class='ocrx_word' id='word_1_376' title='bbox 618 1306 745 1329; x_wconf 68' lang='lat' dir='ltr'><strong>prejudicium,</strong></span> <span class='ocrx_word' id='word_1_377' title='bbox 756 1308 774 1322; x_wconf 81' lang='lat' dir='ltr'><strong>et</strong></span> <span class='ocrx_word' id='word_1_378' title='bbox 784 1311 887 1328; x_wconf 83' lang='lat' dir='ltr'><strong>gravamen,</strong></span> <span class='ocrx_word' id='word_1_379' title='bbox 900 1305 922 1322; x_wconf 85' lang='lat' dir='ltr'><strong>ab</strong></span> <span class='ocrx_word' id='word_1_380' title='bbox 934 1306 1011 1328; x_wconf 82' lang='lat' dir='ltr'><strong>ipsoque</strong></span> <span class='ocrx_word' id='word_1_381' title='bbox 1022 1311 1053 1322; x_wconf 78' lang='lat' dir='ltr'><strong>reo</strong></span> <span class='ocrx_word' id='word_1_382' title='bbox 1063 1306 1124 1323; x_wconf 89' lang='lat' dir='ltr'><strong>Guido</strong></span> 
     </span>
     <span class='ocr_line' id='line_1_34' title="bbox 190 1337 1125 1362; baseline 0 -7"><span class='ocrx_word' id='word_1_383' title='bbox 190 1341 207 1355; x_wconf 83' lang='lat' dir='ltr'><strong>et</strong></span> <span class='ocrx_word' id='word_1_384' title='bbox 216 1338 304 1355; x_wconf 79' lang='lat' dir='ltr'><strong>Alfonsus</strong></span> <span class='ocrx_word' id='word_1_385' title='bbox 315 1338 392 1361; x_wconf 86' lang='lat' dir='ltr'><strong>predicti</strong></span> <span class='ocrx_word' id='word_1_386' title='bbox 402 1339 493 1355; x_wconf 80' lang='lat' dir='ltr'><strong>licentiam</strong></span> <span class='ocrx_word' id='word_1_387' title='bbox 504 1338 526 1355; x_wconf 90' lang='lat' dir='ltr'><strong>de</strong></span> <span class='ocrx_word' id='word_1_388' title='bbox 536 1339 583 1355; x_wconf 79' lang='lat' dir='ltr'><strong>sacto</strong></span> <span class='ocrx_word' id='word_1_389' title='bbox 594 1342 611 1355; x_wconf 90' lang='lat' dir='ltr'><strong>et</strong></span> <span class='ocrx_word' id='word_1_390' title='bbox 621 1338 702 1355; x_wconf 80' lang='lat' dir='ltr'><strong>indebite</strong></span> <span class='ocrx_word' id='word_1_391' title='bbox 713 1342 827 1361; x_wconf 65' lang='lat' dir='ltr'><strong>receperunt,</strong></span> <span class='ocrx_word' id='word_1_392' title='bbox 839 1342 912 1361; x_wconf 86' lang='lat' dir='ltr'><strong>propter</strong></span> <span class='ocrx_word' id='word_1_393' title='bbox 920 1337 955 1361; x_wconf 84' lang='lat' dir='ltr'><strong>que</strong></span> <span class='ocrx_word' id='word_1_394' title='bbox 966 1345 988 1355; x_wconf 86' lang='lat' dir='ltr'><strong>ex</strong></span> <span class='ocrx_word' id='word_1_395' title='bbox 996 1342 1045 1361; x_wconf 87' lang='lat' dir='ltr'><strong>parte</strong></span> <span class='ocrx_word' id='word_1_396' title='bbox 1054 1339 1125 1362; x_wconf 82' lang='lat' dir='ltr'><strong>predic-</strong></span> 
     </span>
     <span class='ocr_line' id='line_1_35' title="bbox 191 1371 1125 1395; baseline 0 -6"><span class='ocrx_word' id='word_1_397' title='bbox 191 1374 249 1388; x_wconf 84' lang='lat' dir='ltr'><strong>torum</strong></span> <span class='ocrx_word' id='word_1_398' title='bbox 260 1371 323 1389; x_wconf 83' lang='lat' dir='ltr'><strong>decani</strong></span> <span class='ocrx_word' id='word_1_399' title='bbox 333 1376 352 1389; x_wconf 83' lang='lat' dir='ltr'><strong>et</strong></span> <span class='ocrx_word' id='word_1_400' title='bbox 361 1372 490 1395; x_wconf 76' lang='lat' dir='ltr'><strong>magistrorum</strong></span> <span class='ocrx_word' id='word_1_401' title='bbox 501 1372 574 1389; x_wconf 88' lang='lat' dir='ltr'><strong>nomine</strong></span> <span class='ocrx_word' id='word_1_402' title='bbox 587 1372 668 1395; x_wconf 85' lang='lat' dir='ltr'><strong>ipsorum</strong></span> <span class='ocrx_word' id='word_1_403' title='bbox 679 1376 697 1389; x_wconf 88' lang='lat' dir='ltr'><strong>et</strong></span> <span class='ocrx_word' id='word_1_404' title='bbox 706 1372 795 1389; x_wconf 77' lang='lat' dir='ltr'><strong>facultatis</strong></span> <span class='ocrx_word' id='word_1_405' title='bbox 811 1372 891 1395; x_wconf 76' lang='lat' dir='ltr'><strong>predicte</strong></span> <span class='ocrx_word' id='word_1_406' title='bbox 904 1372 975 1394; x_wconf 74' lang='lat' dir='ltr'><strong>iterato,</strong></span> <span class='ocrx_word' id='word_1_407' title='bbox 986 1372 1053 1389; x_wconf 86' lang='lat' dir='ltr'><strong>nedum</strong></span> <span class='ocrx_word' id='word_1_408' title='bbox 1068 1372 1125 1389; x_wconf 86' lang='lat' dir='ltr'><strong>semel</strong></span> 
     </span>
     <span class='ocr_line' id='line_1_36' title="bbox 191 1405 1125 1428; baseline 0 -6"><span class='ocrx_word' id='word_1_409' title='bbox 191 1405 224 1422; x_wconf 85' lang='lat' dir='ltr'><strong>sed</strong></span> <span class='ocrx_word' id='word_1_410' title='bbox 238 1405 314 1428; x_wconf 66' lang='lat' dir='ltr'><strong>pluries,</strong></span> <span class='ocrx_word' id='word_1_411' title='bbox 329 1406 352 1422; x_wconf 85' lang='lat' dir='ltr'><strong>ad</strong></span> <span class='ocrx_word' id='word_1_412' title='bbox 369 1406 435 1422; x_wconf 84' lang='lat' dir='ltr'><strong>dictam</strong></span> <span class='ocrx_word' id='word_1_413' title='bbox 451 1409 530 1422; x_wconf 80' lang='lat' dir='ltr'><strong>sanctam</strong></span> <span class='ocrx_word' id='word_1_414' title='bbox 550 1405 612 1422; x_wconf 87' lang='lat' dir='ltr'><strong>sedem</strong></span> <span class='ocrx_word' id='word_1_415' title='bbox 629 1406 667 1422; x_wconf 81' lang='lat' dir='ltr'><strong>suis</strong></span> <span class='ocrx_word' id='word_1_416' title='bbox 684 1405 748 1428; x_wconf 84' lang='lat' dir='ltr'><strong>primis</strong></span> <span class='ocrx_word' id='word_1_417' title='bbox 762 1405 923 1428; x_wconf 81' lang='lat' dir='ltr'><strong>provocationibus</strong></span> <span class='ocrx_word' id='word_1_418' title='bbox 940 1409 959 1422; x_wconf 88' lang='lat' dir='ltr'><strong>et</strong></span> <span class='ocrx_word' id='word_1_419' title='bbox 973 1406 1125 1428; x_wconf 82' lang='lat' dir='ltr'><strong>appellationibus</strong></span> 
     </span>
     <span class='ocr_line' id='line_1_37' title="bbox 191 1438 1126 1461; baseline 0 -6"><span class='ocrx_word' id='word_1_420' title='bbox 191 1438 296 1455; x_wconf 83' lang='lat' dir='ltr'><strong>adherendo</strong></span> <span class='ocrx_word' id='word_1_421' title='bbox 306 1442 369 1455; x_wconf 89' lang='lat' dir='ltr'><strong>contra</strong></span> <span class='ocrx_word' id='word_1_422' title='bbox 380 1439 439 1455; x_wconf 81' lang='lat' dir='ltr'><strong>dictos</strong></span> <span class='ocrx_word' id='word_1_423' title='bbox 449 1438 583 1459; x_wconf 68' lang='lat' dir='ltr'><strong>cancellarium,</strong></span> <span class='ocrx_word' id='word_1_424' title='bbox 595 1438 699 1455; x_wconf 85' lang='lat' dir='ltr'><strong>Guidonem</strong></span> <span class='ocrx_word' id='word_1_425' title='bbox 714 1442 732 1455; x_wconf 94' lang='lat' dir='ltr'><strong>et</strong></span> <span class='ocrx_word' id='word_1_426' title='bbox 743 1438 840 1455; x_wconf 76' lang='lat' dir='ltr'><strong>Alfonsum</strong></span> <span class='ocrx_word' id='word_1_427' title='bbox 854 1439 913 1455; x_wconf 83' lang='lat' dir='ltr'><strong>extitit</strong></span> <span class='ocrx_word' id='word_1_428' title='bbox 925 1439 943 1455; x_wconf 89' lang='lat' dir='ltr'><strong>in</strong></span> <span class='ocrx_word' id='word_1_429' title='bbox 954 1439 1028 1461; x_wconf 87' lang='lat' dir='ltr'><strong>scriptis</strong></span> <span class='ocrx_word' id='word_1_430' title='bbox 1040 1439 1126 1455; x_wconf 82' lang='lat' dir='ltr'><strong>canonice</strong></span> 
     </span>
    </p>
   </div>
   <div class='ocr_carea' id='block_1_5' title="bbox 192 1471 1127 1516">
    <p class='ocr_par' dir='ltr' id='par_1_6' title="bbox 192 1471 1127 1516">
     <span class='ocr_line' id='line_1_38' title="bbox 192 1471 1127 1495; baseline 0 -7"><span class='ocrx_word' id='word_1_431' title='bbox 192 1471 308 1495; x_wconf 79' lang='lat' dir='ltr'><strong>provocatum</strong></span> <span class='ocrx_word' id='word_1_432' title='bbox 320 1475 337 1488; x_wconf 84' lang='lat' dir='ltr'><strong>et</strong></span> <span class='ocrx_word' id='word_1_433' title='bbox 348 1472 399 1488; x_wconf 87' lang='lat' dir='ltr'><strong>etiam</strong></span> <span class='ocrx_word' id='word_1_434' title='bbox 411 1471 527 1494; x_wconf 77' lang='lat' dir='ltr'><strong>appellatum,</strong></span> <span class='ocrx_word' id='word_1_435' title='bbox 538 1474 556 1488; x_wconf 83' lang='lat' dir='ltr'><strong>et</strong></span> <span class='ocrx_word' id='word_1_436' title='bbox 566 1471 643 1494; x_wconf 82' lang='lat' dir='ltr'><strong>apostoli</strong></span> <span class='ocrx_word' id='word_1_437' title='bbox 656 1471 718 1488; x_wconf 85' lang='lat' dir='ltr'><strong>debite</strong></span> <span class='ocrx_word' id='word_1_438' title='bbox 730 1471 788 1494; x_wconf 75' lang='lat' dir='ltr'><strong>petiti,</strong></span> <span class='ocrx_word' id='word_1_439' title='bbox 799 1472 822 1488; x_wconf 91' lang='lat' dir='ltr'><strong>Et</strong></span> <span class='ocrx_word' id='word_1_440' title='bbox 831 1475 874 1488; x_wconf 90' lang='lat' dir='ltr'><strong>sunt</strong></span> <span class='ocrx_word' id='word_1_441' title='bbox 886 1472 974 1494; x_wconf 81' lang='lat' dir='ltr'><strong>premissa</strong></span> <span class='ocrx_word' id='word_1_442' title='bbox 988 1477 1037 1491; x_wconf 74' lang='lat' dir='ltr'><strong>vera,</strong></span> <span class='ocrx_word' id='word_1_443' title='bbox 1050 1471 1127 1490; x_wconf 78' lang='lat' dir='ltr'><strong>notoria.</strong></span> 
     </span>
     <span class='ocr_line' id='line_1_39' title="bbox 254 1500 1067 1516; baseline -0.002 -3"><span class='ocrx_word' id='word_1_444' title='bbox 254 1502 269 1510; x_wconf 73' lang='lat' dir='ltr'><strong>n</strong></span> <span class='ocrx_word' id='word_1_445' title='bbox 278 1501 326 1513; x_wconf 63' lang='lat' dir='ltr'><strong>cmm.</strong></span> <span class='ocrx_word' id='word_1_446' title='bbox 338 1500 379 1513; x_wconf 63' lang='lat' dir='ltr'><strong>mua.</strong></span> <span class='ocrx_word' id='word_1_447' title='bbox 387 1500 435 1513; x_wconf 45' lang='lat' dir='ltr'><strong>Parta</strong></span> <span class='ocrx_word' id='word_1_448' title='bbox 444 1500 461 1516; x_wconf 83' lang='lat' dir='ltr'><strong>n,</strong></span> <span class='ocrx_word' id='word_1_449' title='bbox 470 1501 482 1512; x_wconf 68' lang='grc' dir='ltr'><strong>ι.</strong></span> <span class='ocrx_word' id='word_1_450' title='bbox 1051 1500 1067 1511; x_wconf 64' lang='grc' dir='ltr'>ω</span> 
     </span>
    </p>
   </div>
  </div>
 </body>
</html>
