1308 1835
210 219 258 237 1319]
412 226 436 237 AB
452 226 505 237 ,ητιςο
522 226 640 237 nccrxxxvi
657 225 723 240 nsque
742 225 765 236 ,tn
782 224 851 236 assuit
869 224 940 236 ncccr.
1110 221 1141 237 231

210 261 268 283 Super
282 260 349 283 quibus
361 261 433 283 injuriis
445 265 463 278 et
475 262 570 278 violenciis
583 262 636 278 nobis
649 262 667 278 in
675 261 708 278 hnc
721 265 771 284 parte
782 261 804 278 ab
815 261 879 278 eodem
892 260 946 277 illatis
959 260 1059 277 sentientes
1072 266 1142 278 summe

209 294 247 310 sore
263 296 387 316 pregravatus,
402 299 424 310 eo
434 293 483 315 quod
494 294 508 310 si
522 299 609 310 excessus
624 294 728 316 hujusmodi
745 293 779 310 suh
794 294 878 314 silencio,
894 293 942 316 quod
957 293 1011 314 absit,
1030 293 1142 315 pertransire

209 326 305 346 vellemus,
315 329 397 348 tempore
407 326 518 348 procedente
528 326 593 342 cadere
604 329 667 348 posset
680 326 698 342 in
708 326 856 348 consequentiam
868 326 890 343 de
900 326 953 345 sacto,
964 326 1007 342 licet
1017 331 1054 342 non
1061 325 1085 342 de
1091 326 1141 348 jure,

209 359 257 381 quod
272 359 314 381 jura
330 361 392 375 nostra
407 361 424 374 et
439 358 532 374 libertates
547 358 565 374 in
580 358 628 374 dicto
643 359 696 375 Prato
712 362 775 375 nostro
789 359 862 381 penitus
877 359 986 381 expirarent.
1004 358 1040 375 Sed
1057 364 1090 375 nec
1106 358 1142 375 hiis

209 394 305 408 contentus
318 390 378 407 hostis
392 390 423 407 ille
438 393 555 410 memoratus,
565 390 609 412 quin
617 396 677 413 ymmo
688 396 710 407 eo
723 390 829 413 instigante,
844 391 875 413 qui
890 391 929 408 suis
939 392 986 408 viam
1001 394 1063 414 presto
1079 396 1142 413 parare

209 429 245 440 non
258 426 317 440 cessat
328 423 351 440 ad
363 423 418 443 ίιίνίειτ
431 422 478 439 diem
489 422 565 439 eandem
577 422 684 439 continuare
697 422 776 439 moliens
785 422 804 439 in
814 423 875 440 surore
889 429 925 440 non
935 424 994 440 solum
1005 427 1066 440 contra
1079 429 1113 440 nos
1123 427 1142 440 et

209 456 349 473 Universitatem
359 458 439 472 nostram
450 455 469 472 in
478 455 511 472 hac
522 458 572 478 parte
584 455 668 478 nequiter
680 455 797 478 attemptavit,
809 461 871 472 verum
881 455 934 472 etiam
945 456 967 473 nd
978 456 1017 473 loca
1027 456 1140 479 quorundam

208 489 345 511 religiosorum,
352 489 427 505 fratrum
435 488 520 505 videlicet
528 488 603 505 Ordinis
613 488 665 505 beate
673 488 730 505 Marie
739 488 761 504 de
769 488 852 505 Carmeli)
863 488 950 509 Parisius,
959 489 1055 509 accedens,
1063 495 1140 511 quorum

208 522 281 544 quidam
297 521 390 542 doctores,
408 522 481 544 quidam
498 521 603 542 baecalarii,
621 521 676 538 ceteri
695 526 740 537 vero
759 520 840 537 scolares
860 520 878 537 in
897 526 947 537 sacra
965 520 1058 543 theologie
1076 522 1141 544 pagina

208 557 289 577 patenter
301 554 387 574 existunt,
401 557 417 571 et
430 560 463 577 per
474 559 591 576 consequens
602 557 664 571 nostre
677 554 746 576 prefate
755 553 884 570 Universitatis
894 553 974 569 membra
987 553 1057 570 notoria
1069 554 1087 570 in
1100 553 1141 570 loco

208 592 241 603 suo
252 587 275 603 de
288 592 336 603 novo
347 590 451 603 constructo
464 590 481 603 et
492 587 559 604 divinis
572 586 667 609 obsequiis
681 586 770 607 dedicato,
782 592 819 603 non
831 589 850 603 ut
860 586 888 603 vir
899 592 941 603 sane
954 586 1020 602 mentis
1030 589 1061 602 aut
1073 586 1142 603 Christi

207 623 286 636 caratere
294 620 331 641 (sic)
340 619 445 642 insignitus,
454 619 487 636 sed
496 620 557 636 verius
564 623 584 636 ut
594 619 666 636 Lucifer
674 620 784 640 incarnatus,
793 619 845 636 Pilati
855 619 904 636 vices
913 624 1009 635 resumens
1018 622 1034 635 et
1045 618 1140 639 innovans,

207 652 266 668 crucis
280 652 332 674 signa
346 655 380 668 tam
395 652 455 674 lignea
469 658 523 669 manu
537 652 617 674 presulis
631 658 652 668 ea
667 652 701 669 sub
716 652 778 669 debito
792 658 843 669 sacro
858 652 938 668 misterio
952 651 1079 668 benedicentis
1091 657 1141 667 com-

207 684 284 707 plantata
296 684 409 701 horribiliter
421 691 474 701 manu
488 685 561 707 propria
575 685 638 707 partim
654 685 727 704 evulsit,
742 684 835 701 residuum
848 684 908 704 evelli,
922 684 1013 707 confringi
1025 690 1046 701 ac
1055 684 1141 706 dissipari

207 717 294 740 precepit,
309 720 405 740 ceteraque
417 718 477 734 crucis
491 717 585 740 signacula
598 717 616 734 in
630 717 703 740 signum
717 717 851 734 benedictionis
864 720 880 734 et
894 717 1037 734 consecrationis
1050 717 1098 733 dicti·
1105 717 1140 733 loci

207 750 226 766 in
235 750 336 772 parietibus
348 750 418 772 depicta
432 750 536 767 continuato
550 750 612 766 furore
626 753 709 772 tunquam
723 750 788 766 volens
802 750 869 767 Christi
883 750 987 772 passionem
1000 750 1075 772 yronice
1087 755 1141 766 reno—

207 782 265 799 vando
275 782 402 804 blasphemare
411 782 465 799 velud
475 782 534 799 hostis
544 782 594 803 fidei,
604 782 623 798 iu
633 782 691 799 nostri
705 782 832 805 Redemptoris
842 782 968 799 contumeliam
980 785 997 798 et
1007 785 1068 799 sancte
1080 782 1141 799 :nutris

207 815 284 832 ecclesie
292 814 373 837 fideique
380 814 477 832 christiane
486 815 569 838 puritatis
578 815 713 831 enervationem
721 814 829 837 blasphema
836 820 880 831 voce
889 814 1002 837 proclamans
1012 820 1016 831 τ
1025 822 1032 830 «
1042 815 1141 831 Destruan-

207 851 235 864 tur
245 848 297 870 signa
307 847 388 864 crucifixi
399 855 414 868 υ,
426 847 502 864 floribus
512 847 593 864 liliorum
604 847 741 864 remanentibus
751 847 829 864 intactis.
839 853 904 864 cruces
915 847 963 870 ipsas
973 847 1035 864 abradi
1048 847 1089 864 fecit
1100 853 1140 863 cum

207 880 302 897 securibus
315 883 333 896 et
346 880 440 900 martellis,
452 880 514 896 altaria
527 880 657 896 nichilominus
671 883 689 896 et
701 883 761 896 cetera
776 880 859 902 ejusdam
873 880 951 896 ecclesie
963 883 1066 902 paramenta
1079 880 1141 896 deino-

207 912 260 933 liens,
274 918 311 929 non
322 913 363 929 sine
376 912 567 929 excommunicationis
580 912 654 929 vinculo
666 912 759 935 sacrilegii
774 912 850 929 crimine
865 912 936 929 notorie
951 912 1069 932 incurrendo,
1081 915 1141 929 astan-

207 945 256 961 tibus
271 945 351 967 undique
369 945 437 962 Christi
453 945 539 961 fidelibus
554 945 661 965 innumeris,
678 948 696 961 et
710 945 814 967 hujusmodi
830 944 955 961 lamentabiles
969 951 1043 961 errores
1057 945 1141 961 dolentes

207 977 326 998 intuentibus÷
338 983 374 994 non
384 978 424 994 sine
434 977 548 994 lacrimarum
559 977 648 994 effusione
658 977 740 1000 copiosa,
750 978 795 994 sarna
808 977 879 1000 publica
892 977 1052 1000 insiuuntioneque
1061 977 1140 994 clamosa

207 1009 329 1026 referentibus
340 1015 375 1026 uon
386 1015 395 1026 a
406 1010 496 1026 malivolis
506 1013 564 1026 ortum
577 1009 655 1026 habente
666 1010 755 1032 premissa
766 1013 860 1027 testantur.

251 1042 288 1059 Nos
298 1042 361 1064 igitur,
372 1042 402 1064 qui
416 1045 451 1059 tam
466 1042 612 1064 presumptiosos
626 1048 714 1059 excessus
727 1042 844 1059 detestabiles
858 1045 874 1059 et
885 1048 970 1059 enormes
984 1042 1141 1059 animadversione

207 1075 297 1097 condigna
308 1075 373 1097 punire
382 1080 419 1091 non
430 1074 517 1095 valemus⁷
527 1078 588 1091 sancte
598 1075 679 1091 Romane
688 1075 766 1091 ecclesie
776 1075 795 1091 id
806 1078 920 1091 reservantes
930 1078 949 1091 ut
959 1078 1049 1095 tenemur,
1060 1075 1140 1092 debitum

208 1111 269 1124 nostre
283 1107 413 1124 sollicitudinis
427 1113 446 1124 ac
457 1107 540 1130 potencie
556 1111 641 1130 quantum
656 1107 675 1123 in
688 1107 742 1124 nobis
754 1110 782 1124 est
793 1110 810 1124 et
822 1107 843 1124 ad
854 1113 888 1124 nos
898 1110 967 1129 spectat
980 1113 1064 1124 exercere
1075 1113 1141 1130 propo-

208 1140 268 1156 nimus
282 1140 301 1156 in
313 1139 399 1159 eundem,
414 1145 437 1156 ne
451 1140 532 1162 prefatus
547 1140 645 1156 christiane
657 1139 700 1156 fidei
711 1139 802 1156 detractor
816 1143 835 1156 et
846 1140 904 1156 hostis
918 1143 1017 1162 nostreque
1027 1140 1083 1156 Paris.
1097 1140 1142 1157 L'ni-

208 1172 298 1189 versitatis
312 1172 397 1189 iuimicus
408 1172 432 1189 de
443 1178 475 1189 sua
489 1173 548 1195 possit
559 1172 630 1189 malicia
642 1172 724 1195 gloriari⁴
737 1172 818 1189 Eundem
826 1173 906 1195 juratum
920 1176 1001 1189 nostrum
1013 1178 1072 1195 nuper
1081 1178 1140 1189 corani

209 1205 261 1222 nobis
278 1205 300 1222 ad
316 1205 476 1228 congregationem
494 1205 598 1228 generalem
616 1205 651 1222 sul)
668 1204 729 1222 debito
747 1205 801 1222 nohis
818 1205 889 1228 prestiti
905 1205 1004 1227 juramenti
1021 1206 1142 1228 personaliter

208 1237 284 1254 fecimus
294 1243 350 1260 super
359 1237 396 1254 hiis
405 1238 476 1254 evocari
490 1237 512 1254 ad
523 1238 569 1254 diem
584 1237 661 1254 sabbati*
673 1241 714 1254 ante
724 1238 789 1254 festum
801 1237 937 1255 Penthecostes.
952 1238 973 1254 Et
983 1238 1068 1261 quoniam
1079 1238 1142 1260 liujus-

208 1270 256 1286 modi
271 1273 331 1286 reatus
343 1270 385 1286 hinc
399 1273 416 1287 et
428 1270 470 1287 inde
483 1270 505 1287 ab
519 1270 583 1287 eodem
596 1274 711 1293 perpetratus
724 1273 758 1287 tam
771 1270 855 1287 notorius
867 1274 885 1287 et
897 1270 1004 1287 manifestus
1018 1274 1046 1288 est
1057 1274 1075 1287 et
1084 1271 1143 1288 extitit

208 1302 257 1324 quod
272 1302 320 1318 nulla
336 1302 486 1325 tergiversatione
500 1303 567 1325 poterit
581 1303 642 1323 celari,
656 1303 701 1325 quin
714 1303 775 1319 divina
785 1303 831 1319 ultio
841 1309 881 1324 nos,
892 1303 941 1325 quod
952 1303 1006 1324 absit,
1016 1306 1047 1320 ant
1056 1303 1142 1320 dissimu-

208 1335 266 1351 lantes
276 1334 294 1351 in
307 1335 376 1357 prefato
389 1335 463 1357 negotio
475 1335 535 1352 aerius
548 1335 678 1358 prosequendo
690 1335 797 1358 dampnaret
807 1339 827 1352 ut
835 1341 925 1356 veremur,
936 1339 955 1352 et
967 1336 1017 1358 quod
1026 1336 1105 1360 amplius
1114 1339 1143 1352 est

208 1367 305 1384 christiana
319 1366 385 1390 religio
400 1371 463 1390 posset
476 1371 494 1384 et
508 1368 573 1384 merito
588 1368 683 1390 premissis
697 1368 767 1390 absque
781 1368 823 1385 lima
837 1368 899 1385 debite
914 1367 1033 1385 correctionis
1048 1368 1142 1391 impunitis

209 1400 323 1416 manentibus
339 1400 418 1417 hesitare
429 1406 433 1416 z
444 1406 466 1416 eo
483 1403 526 1416 tunc
543 1400 589 1416 dicta
607 1400 636 1417 die
653 1400 723 1416 sabbati
740 1406 800 1417 eoram
817 1400 871 1417 uobis
889 1400 1010 1423 personaliter
1026 1404 1142 1423 comparente

209 1432 320 1454 injunximus
335 1433 394 1449 eidem
405 1433 467 1455 jurato
481 1435 500 1448 ut
513 1438 533 1449 se
549 1435 611 1449 nostre
625 1432 713 1449 voluntati
729 1436 746 1449 et
761 1433 870 1449 ordinationi
886 1433 908 1449 de
923 1432 959 1449 alto
968 1436 992 1449 ‘et
1004 1432 1058 1449 basso
1074 1433 1142 1455 subpo—

210 1468 260 1488 neret
277 1468 362 1487 quantum
379 1470 412 1482 nos
430 1464 487 1487 tangit
503 1468 520 1481 et
537 1467 612 1486 tangere
629 1464 696 1486 poterit
710 1464 728 1480 in
743 1464 853 1486 premissisn-
863 1464 944 1486 alioquin
960 1464 983 1480 ad
1000 1464 1141 1487 publicationem
