1308 1835
143 209 177 227 266
434 219 593 230 cflanrntxnmn
611 218 705 230 umvzns.
724 219 788 230 mnis
1027 213 1078 231 [1322

144 267 197 288 815.
208 273 286 292 Responsio
294 274 372 291 sumnam
378 273 460 288 ηιεᾱῑιῐηαι
466 273 488 287 aa
494 275 580 292 argumenta
586 273 649 287 Jacahaae
657 273 713 291 Felicio,
722 275 737 287 et
746 273 817 287 instancia
827 273 891 292 ejusdem
900 278 927 292 pm
938 274 1015 288 obtinendo
1021 274 1078 292 jndicio

188 298 256 312 adversus
264 302 301 312 eam.

715 319 755 334 1322,
762 318 834 332 novembris
839 319 853 333 2.
860 318 935 336 [mium

187 355 254 372 Contra
272 356 363 372 dominam
379 355 463 372 Jacobam
482 355 549 372 Felicie
566 359 584 372 et
600 356 641 378 ejus
657 355 738 372 rationes
755 355 876 379 peremptorie
895 355 999 378 propositas
1016 359 1078 372 contra

144 389 231 405 decanum
243 392 260 406 et
270 389 368 412 magistros
381 389 471 405 facultatis
487 389 578 406 medicine
591 389 673 406 Parisius
687 392 780 412 regentes,
791 389 903 412 respondent
917 388 960 405 dicti
971 389 1051 405 decanus
1061 392 1079 405 et

144 422 225 445 magistri
239 422 287 445 quod
300 422 336 439 hiis
345 428 383 439 non
394 421 508 439 obstantibus
518 428 551 439 vos
561 422 632 439 debetis
643 422 753 439 concludere
764 422 889 445 proponendis
898 425 917 439 et
925 422 1025 444 propositis
1036 422 1078 438 hinc

144 459 161 473 et
171 455 214 472 inde
223 455 243 472 in
257 461 311 473 causa
326 459 374 473 mota
387 461 447 472 coram
461 455 515 473 vobis
529 455 578 473 inter
590 455 647 473 dictas
663 459 723 479 partes
736 459 754 472 et
767 456 867 479 procedere
878 455 954 473 ulterius
967 455 989 472 ad
999 458 1077 472 vestram

144 488 255 506 diffinitivam
271 489 378 506 sententiam
395 489 528 511 proferendam=
544 494 578 506 vos
592 489 680 511 magister
693 488 786 505 Johannes
800 488 823 505 de
836 488 885 506 Villa
901 489 991 506 Par-isiaca
1008 488 1079 505 auditor

144 522 193 539 curie
208 522 323 543 Parisiensis7
338 522 476 539 commissarius
492 521 544 538 datus
559 527 569 538 a
583 521 684 538 venerabili
699 521 738 538 viro
751 521 824 538 officiali
836 521 887 538 curie
896 521 1006 539 Parisiensis
1016 524 1078 538 contra

144 555 262 578 practicantes
273 555 291 572 in
301 559 339 572 arte
352 554 442 572 medicine
455 554 519 571 illicite
526 554 607 571 Parisius
619 557 637 571 et
646 554 666 571 in
676 554 770 571 suburbiis
783 554 872 577 ejusdem,
882 554 984 577 dictamque
993 554 1077 571 Jacobam

144 588 161 605 in
172 589 257 611 expensis
272 588 362 605 dictorum
374 587 438 604 decani
450 590 467 604 et
477 587 606 611 magistrorum
619 587 708 610 legitimis
718 587 854 611 condempnare
863 587 932 604 ratione
941 587 1026 605 retardati
1036 593 1078 611 pro-

144 627 214 638 cessus.

187 655 223 671 Nec
235 654 295 671 obstat
307 655 365 677 prima
377 654 423 671 ratio
435 654 456 671 in
465 660 499 677 qua
513 654 558 677 petit
570 654 606 671 sibi
616 654 671 680 iidem
679 654 718 671 fieri
729 655 751 671 de
759 654 889 677 jurisdictione
896 658 956 671 vestra
966 658 984 671 et
993 654 1078 672 commis⁴

144 688 195 705 sione
205 688 257 705 vobis
270 688 321 709 facta,
338 694 378 704 cum
389 687 424 704 ista
437 688 462 704 sit
471 687 554 704 dilatoria
568 693 602 704 nec
612 688 700 710 impediat
711 688 809 711 quominus
823 688 899 705 ulterius
910 688 1025 711 procedatur,
1037 688 1079 705 licet

144 721 179 738 sibi
191 721 237 738 facta
249 721 305 738 fuerit
316 721 363 738 fides
374 721 420 738 alias
432 726 493 738 coram
505 721 558 738 vobis
572 724 590 738 et
602 721 642 738 data
654 721 712 744 copia,
726 727 803 744 eamque
816 721 854 738 sint
865 721 923 744 parati
935 721 1009 738 exibere
1017 727 1077 738 eoram

143 754 195 771 vobis
211 758 228 771 et
245 754 299 771 fidem
316 754 376 771 facero
395 754 417 771 de
434 754 519 771 mandato
535 754 656 777 proeuratorii
673 754 763 771 dictorum
778 754 842 771 decani
856 758 873 771 et
887 754 1021 777 magistrorum.
1038 755 1078 771 Non

144 787 204 804 obstat
218 787 253 804 alia
268 788 312 805 ratio
327 793 381 810 qnam
395 788 482 810 proponit
492 794 500 803 nt
509 787 558 810 quod
574 787 589 804 si
605 793 683 810 unquam
701 791 795 809 statutum,
806 788 907 809 decretum,
918 788 994 805 monitio
1005 791 1022 804 et
1032 788 1079 804 inhi-

143 820 187 837 bitio
198 824 216 837 et
225 821 388 837 excommunicatio
400 820 467 843 quibus
483 820 525 838 dicti
538 820 618 837 decanus
632 824 650 837 et
662 821 744 844 magistri
790 821 835 837 saeta
848 824 865 837 et
879 821 924 837 facte
934 821 1003 838 fuerint
1011 827 1027 842 n,
1037 823 1078 842 etc.y

144 857 180 871 tum
197 854 239 877 quia
254 860 318 871 verum
333 857 361 871 est
373 854 434 877 [quod]
450 854 519 871 dictum
533 857 620 871 statutum
636 860 669 871 sou
685 854 778 871 decretum
797 857 815 871 et
831 854 962 877 subsequentia
977 854 1019 871 inde
1033 854 1078 871 facta

143 887 211 904 suerint
222 887 244 904 de
255 888 298 910 jure
310 891 329 904 et
341 887 414 905 decreta
427 891 490 905 contra
499 887 607 911 ignorantes
617 891 675 905 artem
686 887 777 905 medicine
790 891 807 905 et
820 888 939 911 practicantes
952 887 1015 905 illicite
1029 887 1078 904 Pari-

144 921 182 938 sius
194 924 213 938 et
224 921 244 938 in
256 921 351 938 suburbiis
366 921 449 944 ejusdem
462 924 481 938 et
493 927 502 938 a
515 921 609 944 sexaginta
621 921 675 938 annis
686 924 705 938 et
716 921 795 944 amplius
808 921 906 944 approbata
918 927 951 944 por
963 921 1078 938 venerabiles

143 954 192 971 viros
207 954 293 971 officiales
306 954 357 971 curie
370 954 480 971 Parisiensis
494 958 513 971 et
526 954 663 971 illustrissimos
678 955 753 971 Franeie
765 960 826 977 reges,
841 954 873 977 qui
887 960 920 977 pro
935 954 984 971 dicto
997 958 1078 977 ternpore

143 987 211 1004 suerint
226 991 244 1004 et
260 987 384 1010 regnaverint,
401 988 454 1010 cujus
470 988 513 1010 jura
528 987 612 1004 officialis
628 987 738 1004 Parisiensis
758 991 775 1004 et
792 987 893 1004 secundum
906 988 948 1010 jura
965 990 1077 1010 exequturus

143 1021 177 1038 fuit
189 1024 208 1037 et
221 1024 249 1037 est
263 1024 326 1038 contra
340 1020 461 1043 practicantes
475 1020 568 1043 predictos
583 1027 619 1037 non
634 1020 750 1043 approbatos,
766 1020 814 1037 sicut
828 1024 891 1037 contra
905 1021 957 1038 istam
974 1026 1029 1042 ream,
1044 1026 1079 1043 que

144 1054 222 1071 totaliter
239 1057 268 1071 est
283 1054 346 1077 ignara
363 1054 406 1071 artis
426 1054 516 1071 medicine
532 1057 551 1071 et
566 1060 605 1071 non
620 1054 705 1075 litterata⁷
723 1060 756 1070 nec
770 1054 868 1077 approbata
886 1059 918 1077 per
934 1059 976 1075 eos,
993 1054 1015 1070 ad
1033 1059 1079 1076 quos

144 1090 219 1110 spectat,
234 1093 268 1104 nec
281 1087 327 1104 sciat
341 1093 405 1104 causas
421 1093 454 1104 seu
467 1087 548 1105 rationes
563 1087 641 1104 reddere
655 1087 703 1104 dicte
717 1087 768 1108 artis,
784 1090 821 1104 tum
835 1087 878 1110 quia
892 1087 1003 1109 prohibitum
1018 1090 1046 1104 est
1060 1087 1079 1103 in

142 1121 184 1144 jure
193 1126 217 1138 ne
227 1120 292 1138 mulier
307 1121 366 1144 possit
379 1126 420 1137 esse
435 1120 539 1137 advocatrix
551 1123 569 1137 et
580 1120 633 1137 testis
646 1120 666 1137 in
677 1126 732 1137 causa
746 1120 842 1142 criminali,
854 1123 871 1137 et
883 1120 932 1143 quod
945 1120 1002 1137 multo
1013 1120 1079 1137 fortius

146 1157 205 1177 potest
217 1154 252 1171 sibi
263 1154 285 1171 de
293 1155 335 1177 jure
346 1154 433 1175 inhiberi,
444 1160 466 1171 ne
477 1154 564 1177 practicet
576 1154 636 1171 dando
645 1153 724 1171 infirmis
734 1154 780 1171 intra
791 1159 866 1177 corpora
880 1159 943 1170 eorum
953 1157 1013 1176 potus,
1028 1153 1079 1171 cibos

145 1191 162 1204 et
171 1187 268 1209 elisteria¹‚
279 1193 319 1204 cum
331 1188 398 1204 nullam
412 1193 485 1204 causam
497 1187 608 1204 infirmitatis
617 1186 732 1204 infirmorum
745 1192 778 1210 per
791 1187 868 1204 litteram
881 1186 911 1203 vel
920 1190 977 1204 artem
989 1187 1079 1204 medicine

145 1224 251 1243 cognoscat,
269 1227 310 1237 cum
328 1221 384 1237 multo
400 1220 466 1237 fortius
483 1220 507 1237 sit
523 1219 647 1243 periculosum
668 1220 751 1237 occidere
771 1219 863 1237 hominem
880 1225 913 1242 per
928 1220 975 1237 mles
991 1223 1045 1243 potus
1063 1223 1080 1237 et

146 1253 232 1274 clisteria,
246 1259 300 1276 quam
313 1259 378 1270 causas
393 1253 456 1270 civiles
470 1253 549 1276 perdere
562 1258 594 1276 per
609 1253 730 1276 ignorantiam
744 1256 762 1270 et
773 1253 889 1270 inscientiam
905 1253 1040 1270 advocatorum.
1058 1254 1080 1270 Et

146 1288 198 1307 [cum]
213 1286 267 1303 realis
281 1287 350 1303 occisio
365 1287 390 1303 sit
403 1289 496 1309 peccatum
511 1286 593 1307 mortale.
609 1287 662 1309 cujus
678 1286 760 1309 cognitio
776 1290 846 1309 spectat
860 1286 883 1303 ad
897 1286 992 1303 ecclesiam
1010 1287 1079 1303 ratione

146 1320 220 1343 peccati,
231 1323 249 1336 et
259 1319 300 1336 ideo
311 1319 410 1340 decretum,
424 1319 507 1341 monitio⁷
518 1314 680 1336 excommunicatio
690 1319 734 1336 dicti
741 1319 824 1337 officialis
834 1319 896 1343 legant
905 1323 923 1337 et
933 1320 1080 1343 possuntlegare

146 1353 221 1370 eandem
236 1358 291 1374 ream,
304 1358 345 1369 cum
359 1353 381 1369 de
393 1353 441 1375 jure,
453 1356 548 1376 antequam
561 1353 601 1376 ipsa
613 1352 705 1375 potuisset
717 1353 826 1376 practicasse
839 1353 858 1370 in
868 1353 917 1370 dicta
928 1356 967 1370 arte
977 1353 1024 1370 sicut
1038 1353 1081 1370 fecit

146 1390 164 1403 et
173 1386 284 1409 prohibitum
298 1389 326 1403 est
337 1389 400 1403 contra
413 1392 458 1407 earn,
469 1392 489 1403 se
502 1386 597 1403 debuisset
609 1386 699 1403 obtulisse
711 1386 774 1409 peritis
785 1386 803 1403 in
814 1386 861 1403 dicta
870 1390 908 1403 arte
919 1389 937 1403 et
946 1386 968 1403 ad
978 1386 1013 1403 hoc
1023 1386 1080 1409 depu-

147 1420 187 1437 tatis
197 1420 219 1436 ad
230 1419 340 1436 audiendum
350 1422 368 1436 et
377 1419 476 1436 videndum
486 1419 546 1442 ipsius
555 1419 685 1442 experientiam
695 1419 819 1442 approbatam.
832 1420 898 1441 Quare⁷
909 1422 941 1437 etc.

190 1453 231 1470 Non
241 1452 301 1470 obstat
312 1452 346 1469 alia
360 1452 405 1469 ratio
418 1452 466 1475 quod
480 1453 552 1475 quidam
566 1456 672 1470 exercentes
681 1453 713 1475 qui
724 1453 777 1470 modo
791 1453 858 1470 mortui
868 1456 912 1470 sunt
921 1456 952 1469 aut
961 1453 1007 1469 adeo
1017 1453 1080 1470 decre-

147 1486 185 1510 pin,
200 1489 240 1508 etc„
249 1492 290 1503 cum
301 1486 423 1509 responsione
435 1492 471 1503 non
488 1486 570 1509 indigeat
586 1489 652 1503 attenta
667 1486 785 1509 replicatione
802 1486 884 1509 proxime
898 1492 952 1509 supra
966 1486 1033 1509 posit-⁷⁴13
1046 1492 1080 1503 nec

209 1515 228 1527 8¹0.
