1308 1835
181 231 230 249 1286]
383 237 407 249 ΑΒ
423 237 477 249 auxo
493 237 610 249 ncczxxxw
626 237 692 251 usque
708 237 732 248 An
749 237 819 248 Axmm
835 237 907 249 necem.
1102 233 1113 249 5

180 276 213 292 set,
225 278 316 294 perpenso
324 272 394 294 judicio
407 272 425 289 in
436 273 509 290 delictis
517 272 627 295 perpetratis
636 276 679 289 sunt
689 278 741 295 pene,
753 276 807 295 prout
817 278 846 289 res
856 272 965 295 expostulat.
976 273 1076 289 statuende.
1089 273 1113 289 Ea

181 308 261 328 propter,
275 310 316 321 cum
334 305 395 326 nobis,
410 305 488 328 capitulo
506 305 611 326 Parisiensiy
625 305 692 323 suisset
705 311 727 323 ex
741 309 791 328 parte
805 305 910 322 venerande
924 305 1052 322 Universitatis
1066 305 1113 322 Pari-

180 337 247 354 siensis
258 337 359 359 expositum
372 338 462 360 quoddam
475 338 593 354 homicidium
604 338 622 354 in
633 344 729 360 personam
739 338 833 360 cujusdam
844 338 919 354 scolaris
930 337 1039 354 Parisiensis
1048 343 1114 359 perpe-

180 373 244 386 tratum
258 370 276 386 in
289 370 371 392 paraviso
384 370 413 387 vel
427 376 490 393 prope,
505 373 522 386 et
536 370 624 392 quosdam
638 370 684 387 alios
699 376 786 387 excessus
798 373 912 393 perpetratos
926 370 983 387 fuisse
999 370 1028 387 die
1040 370 1113 387 veneris

179 405 220 418 ante
239 402 365 421 b1·and0nes¹;
383 406 402 419 et
420 402 470 424 quod
488 402 561 425 quidam
583 402 645 419 clerici
665 403 687 419 de
706 403 762 419 choro
785 406 855 423 nostro,
877 402 963 420 videlicet
981 402 1112 419 Thomassinus

179 434 263 455 Coillete=
273 434 366 451 Iohannes
376 434 458 451 Boiliaue
471 437 489 451 et
500 434 577 452 Colinus
586 434 672 455 Mau-tolli,
682 438 779 457 presentes
788 435 914 455 interfuerant,
924 440 1005 457 operam,
1015 434 1111 451 consilium

179 470 198 483 et
213 467 299 483 auxilium
317 467 405 483 dederant
421 467 439 483 in
456 466 539 489 predicto
554 466 635 483 facinore
648 467 770 489 perpetrando
782 473 786 483 z
796 467 864 484 suimus
881 473 903 483 ex
919 470 970 489 parte
984 467 1112 484 Universitatis

179 503 242 522 postea
255 499 346 522 requisiti,
359 500 408 522 quod
421 505 477 523 super
489 499 585 522 premissis
599 499 727 516 exhiberemus
739 502 809 516 mature
818 499 892 521 justicie
905 499 1064 522 complementum.
1074 500 1112 516 Nos

179 535 238 548 autem
252 532 367 554 requisitioni
382 532 462 555 predicte
476 532 580 555 benigniter
593 532 680 552 inclinati,
694 537 755 548 veram
769 531 886 548 dilectionem
901 534 919 548 et
932 532 1045 548 affectionem
1060 538 1111 554 qnam

179 564 268 582 habemus
281 571 324 588 erga
338 565 402 582 dictam
420 565 560 582 Universitatem
578 570 650 581 servare
669 565 733 581 merito
746 564 848 587 cupientes,
861 564 959 587 magistros
975 564 1075 581 Johannem
1090 564 1112 581 de

180 598 304 618 Bertencuria,
315 597 410 614 Dudonem
421 601 440 614 et
448 598 546 614 Henricum
560 598 628 614 dictum
641 597 730 618 Tuebues,
740 596 838 614 canonicos
849 599 921 613 nostros
934 596 952 612 in
963 596 1048 618 capitulo,
1057 597 1113 619 depu-

180 630 257 647 tavimus
267 630 289 646 ad
299 630 428 652 inquirendum
439 636 495 653 super
508 630 604 653 premissis
616 630 714 653 plenariam
725 630 825 647 veritatem.
835 629 914 646 Predicti
924 635 968 646 vero
978 629 1062 645 canonici
1073 629 1112 646 vice

180 665 242 678 nostra
252 666 270 679 et
280 662 363 678 mandato
373 666 504 684 processerunt
514 663 536 679 ad
546 662 675 685 inquirendum
685 663 785 683 veritatem,
796 662 860 685 peritis
870 662 888 678 in
898 665 976 684 utroque
985 662 1028 684 jure
1038 667 1113 684 presen-

180 694 236 714 tibus,
246 694 351 717 diligenter*
362 694 385 710 Et
394 694 417 710 de
427 694 505 711 consilio
516 695 621 711 eorumdem
634 695 717 711 fecerunt
727 695 819 717 predictos
829 694 976 715 Thomassinum,
985 694 1084 711 Johanuem
1096 697 1114 710 et

180 726 265 743 Colinum
275 727 345 748 jurare.
358 726 410 743 metis
423 727 545 743 sacrosanctis
556 726 669 749 Evangeliis,
681 727 731 749 quod
742 732 798 749 super
811 727 906 749 premissis
918 727 1002 743 dicerent
1012 727 1112 743 veritatem.

179 759 254 778 Verum,
269 758 310 780 quia
328 764 360 780 per
376 758 504 775 consessiones
520 758 626 775 eorumdem
643 764 680 775 non
695 758 753 781 potuit
766 762 850 775 constare
865 758 887 775 de
902 759 977 776 veritate
993 759 1042 779 sacti,
1057 762 1113 776 testes

179 791 253 807 suerunt
263 790 347 813 producti
357 796 413 813 super
424 791 520 813 premissis
533 794 550 807 et
563 790 625 807 eadem
636 790 760 813 tangentibus,
770 794 789 807 et
798 791 896 813 diligenter
909 797 942 813 per
953 791 1012 808 dictos
1024 797 1114 808 concano-

180 823 231 840 nicos
241 823 343 840 examinati.
354 823 433 840 Tandem
444 823 590 846 depositionibus
601 823 674 840 testium
687 823 705 840 in
715 823 794 846 capitulo
805 823 901 846 publicatis
912 827 929 840 et
940 823 1038 846 diligenter
1047 824 1113 840 exami-

179 856 234 876 natis,
246 856 371 872 mandavimus
384 861 417 878 pro
429 856 502 872 clericis
514 861 569 878 supra
581 855 641 872 dietis⁴
656 856 677 872 Et
691 856 726 878 ipsi
738 859 833 878 presentes
846 856 864 872 in
878 855 956 878 capitulo
969 861 979 872 a
990 855 1045 872 nobis
1059 856 1115 872 inter-

180 889 238 911 rogati
255 892 314 905 utrum
332 892 387 905 ratam
404 892 423 905 et
437 892 507 911 gratam
523 888 612 905 haberent
628 888 730 911 inquestam
746 888 853 911 predictam,
870 891 888 905 et
904 891 965 905 utrum
981 888 1050 905 vellent
1067 892 1114 905 stare

179 921 293 937 ordinacioni
301 924 364 938 nostre
371 927 428 943 super
435 921 538 943 premissis⁷
547 921 681 943 responderunt
689 921 738 943 quod
748 921 781 937 sic.
790 921 813 938 Et
819 921 854 938 hoc
861 921 965 943 juramento
973 921 1048 943 proprio
1057 921 1114 937 firma-

179 957 250 970 verunt.
262 954 329 970 Verum
343 953 385 976 quia
395 959 428 976 per
439 954 565 976 depositiones
578 953 652 970 testium
662 953 786 976 predictorum
796 959 833 970 non
844 953 937 976 potuimus
947 953 1021 970 eosdem
1032 953 1114 970 invenire

179 987 225 1003 adeo
237 985 345 1008 culpabiles,
358 986 406 1008 quod
420 985 493 1008 dejure
509 986 642 1009 condempnare
657 991 755 1008 possemus
769 986 820 1008 ipsos
834 986 857 1002 ad
872 991 935 1008 penam
951 985 1045 1002 homicidii
1059 986 1115 1003 susti-

179 1018 264 1039 nendam,
278 1018 321 1035 licet
335 1018 354 1035 in
368 1018 477 1041 quibusdam
491 1018 533 1035 aliis
547 1018 616 1035 inventi
632 1018 700 1035 suerint
714 1018 817 1035 excessisse
832 1024 836 1035 2
853 1024 893 1039 nos,
909 1018 1044 1035 deliberacione
1059 1024 1114 1041 super

180 1051 274 1073 premissis
285 1051 345 1067 habita
355 1051 446 1073 diligenti,
454 1051 534 1068 adhibita
544 1051 678 1073 sollempnitate
688 1057 724 1073 que
734 1051 753 1067 in
763 1050 830 1067 talibus
840 1051 880 1067 sieri
890 1051 992 1071 consuevit,
1003 1051 1026 1067 de
1036 1051 1113 1067 consilio

180 1084 286 1106 peritorum,
298 1089 331 1106 per
345 1087 425 1100 nostram
439 1083 552 1100 diffinitivam
568 1083 675 1100 sententiam
687 1083 793 1100 ordinamus
805 1086 823 1100 et
834 1083 930 1100 statuimus
943 1083 961 1099 in
973 1083 1021 1099 hunc
1033 1083 1112 1103 modum,

179 1116 270 1136 videlicet,
283 1116 342 1132 dictos
357 1115 496 1132 Thomassinum
512 1119 529 1132 et
542 1115 642 1132 Johannem
658 1121 680 1132 ex
694 1121 741 1132 nunc
757 1115 847 1132 beneflcio
861 1115 911 1138 quod
923 1115 991 1132 habent
1005 1115 1024 1132 in
1037 1115 1112 1132 ecclesia

180 1152 241 1165 nostra
251 1148 359 1168 parisiensi,
370 1148 441 1165 scilicet
451 1148 530 1165 denariis
543 1147 679 1165 matutinalibus
693 1151 711 1164 et
721 1148 777 1165 choro
790 1151 854 1165 nostro
861 1147 967 1169 Parisiensi,
980 1147 1112 1170 imperpetuum

178 1181 279 1203 privantes;
296 1181 345 1201 item,
361 1180 409 1202 qnod
424 1186 432 1197 a
449 1180 479 1197 die
493 1186 527 1203 qua
543 1180 618 1197 exibunt
633 1180 654 1197 de
667 1186 740 1197 carcere
753 1183 823 1200 nostro=
835 1180 870 1197 iter
882 1180 969 1202 arripiant
981 1180 1004 1197 ad
1015 1180 1111 1197 Romanam

179 1213 246 1229 curiam
258 1216 332 1235 propter
341 1218 374 1229 sue
385 1213 507 1229 absolutionis
516 1212 625 1229 heneficium
636 1212 778 1235 impetrandum3
789 1212 839 1233 item,
850 1212 898 1235 quod
909 1218 918 1229 a
928 1212 957 1229 die
971 1212 1051 1235 predicta
1064 1216 1112 1229 extra

179 1245 271 1267 dyocesim
281 1248 300 1261 et
308 1245 398 1261 civitatem
411 1245 532 1261 Pnrisiensem
546 1250 614 1261 moram
627 1244 734 1261 contrahent
746 1250 778 1267 per
791 1245 896 1264 triennium.
907 1244 1012 1261 nullatenus
1021 1245 1112 1261 reversuri

179 1277 237 1293 donec
252 1277 320 1293 dictum
335 1277 433 1294 triennium
451 1277 475 1294 sit.
487 1277 576 1299 elapsum.
589 1277 662 1293 Dictum
674 1282 718 1293 vero
732 1277 817 1294 Colinum
830 1276 909 1294 Martelli
923 1282 945 1294 ex
958 1282 1007 1293 nunc
1021 1277 1112 1299 privamus

179 1309 310 1332 imperpetuum
326 1309 382 1326 choro
397 1313 469 1330 nostro;
482 1309 532 1330 item,
547 1309 595 1331 quod
610 1315 618 1325 a
634 1309 663 1326 die
677 1315 712 1331 qua
726 1309 782 1326 exibit
796 1309 819 1325 de
831 1315 904 1325 carcere
918 1312 988 1330 nostro,
1003 1309 1077 1326 accedet
1090 1309 1112 1326 ad

179 1341 241 1358 sedem
251 1341 376 1364 apostolicam,
387 1347 420 1358 sue
430 1341 551 1358 absolutionis
560 1341 669 1358 beneficium
680 1342 779 1363 petiturus;
790 1342 839 1362 item,
851 1341 900 1364 quod
912 1348 921 1358 a
933 1342 962 1358 die
973 1341 1053 1364 predicta
1064 1345 1112 1358 extra

179 1373 271 1396 dyocesim
281 1377 299 1389 et
308 1373 398 1390 civitatem
409 1374 530 1390 Parisiensem
540 1379 607 1390 moram
617 1373 711 1390 contrahet
721 1374 806 1390 continue
817 1379 850 1396 per
859 1374 964 1394 triennium,
975 1377 993 1390 et
1002 1374 1051 1396 quod
1061 1377 1112 1390 antea

179 1411 215 1421 non
226 1405 299 1426 redibit,
310 1405 345 1422 nisi
355 1406 458 1423 veneranda
467 1406 582 1423 Universitas
592 1405 673 1428 predicta
682 1406 726 1422 velit
736 1406 795 1422 eidem
805 1411 861 1428 super
874 1411 950 1423 reversu
962 1406 984 1422 ad
994 1406 1084 1422 civitatem
1095 1409 1112 1422 et

179 1437 270 1459 dyocesim
288 1438 347 1454 facere
364 1438 439 1459 gratiani
457 1437 560 1460 specialem*
579 1438 601 1454 Et
616 1438 639 1454 ad
654 1438 689 1454 hoc
706 1437 799 1459 predictos
815 1437 962 1458 Thomassinum.
978 1437 1077 1454 :ohannem
1095 1441 1111 1454 et

179 1469 263 1486 Colinum
274 1469 292 1485 in
302 1469 375 1491 seriptis
388 1475 420 1492 per
432 1473 513 1486 nostram
525 1469 639 1486 diffinitivam
652 1469 760 1486 sententiani
774 1470 935 1492 eondempnamus.
947 1470 1011 1486 Datum
1024 1473 1042 1486 et
1053 1473 1111 1486 actum
