1308 1835
158 204 191 221 486
447 209 607 221 eninruzsnnm
624 210 720 221 unrvrrs.
737 209 802 221 enus.
1044 204 1095 223 [1340

159 245 234 268 bonum,
245 246 294 269 quod
309 246 391 269 magistri
404 249 489 269 regentes
500 249 611 267 tenerentur,
623 245 706 269 injurias,
718 246 777 263 minas
786 246 815 263 vel
825 246 924 263 violencias
935 246 1019 269 bejaunis
1028 246 1094 268 illatas,

159 283 214 303 prout
223 280 242 296 in
252 279 316 296 cedula
325 279 459 300 continebatur,
470 279 524 296 alicui
534 279 622 300 revelare,
633 279 674 302 quia
685 285 721 296 non
732 279 828 296 videbatur
842 279 921 296 facultati
934 285 967 296 suc
978 279 1094 296 decretorum

156 313 226 336 justum
237 318 270 329 nec
280 318 382 329 consonum
393 312 465 329 rationi.

203 346 265 362 Tener
273 351 318 363 vero
328 351 383 368 supra
394 345 441 362 dicte
451 345 515 362 cedule
526 346 568 363 talis
578 349 606 363 est
617 352 621 363 :
632 346 669 363 Hes
679 349 707 363 est
717 345 810 363 ordinacio
819 351 852 367 per
863 345 958 368 deputatos
967 345 1094 363 Uuiversimus

159 379 203 395 facta
219 384 274 401 super
284 378 398 395 correctione
408 379 530 396 detractorum
540 379 672 402 bejaunorum:
684 379 751 400 Primo,
759 379 809 401 quod
818 378 886 399 nullus,
897 379 1029 401 cujuscumque
1037 378 1094 395 facul-

159 412 200 429 tatis
209 412 270 433 suerit,
279 412 337 435 capiat
347 418 355 429 a
366 412 449 435 bejaunis
459 412 529 429 ratione
536 412 621 435 hejaunie
629 418 662 429 sue
674 412 752 435 aliquam
762 412 864 435 pecuniam,
872 412 902 429 vel
912 418 949 429 rem
962 417 1095 435 quamcumque

158 445 217 467 aliam,
229 445 266 463 nisi
280 451 289 462 a
304 445 359 463 sociis
375 451 415 463 cum
429 445 496 469 quibus
510 449 597 467 moratur,
609 448 628 462 et
640 451 690 462 mere
701 448 801 468 sponbanea
814 445 912 467 voluntate,
924 445 959 463 suh
973 451 1020 469 pena
1032 445 1091 468 priva-

158 478 213 496 tionis
230 478 329 502 cujuslibet
343 479 419 496 honoris
434 480 471 502 jam
485 478 541 496 habiti
556 478 585 496 vel
600 478 681 495 habendi
695 478 717 495 ab
728 478 856 499 Universitate,
871 484 923 501 quam
937 479 1059 502 privacionern
1072 484 1094 496 ex

158 517 206 529 nunc
217 515 271 535 prout
281 518 302 529 ex
313 515 355 529 tunc
363 513 399 529 fert
408 512 455 529 dicta
465 511 579 529 Universitas
589 511 607 528 in
615 511 702 528 facientes
713 511 799 534 predicta.

203 545 294 564 Secundo.
309 545 358 568 quod
371 545 387 562 si
397 545 463 568 aliquis
474 544 551 562 clericus
563 550 600 561 non
609 545 682 567 juratus
691 544 772 567 predicta
783 544 853 566 feeerit,
866 547 884 561 et
896 544 918 561 ad
929 544 1011 561 notitiam
1020 545 1096 562 Univer-

157 578 217 595 sitatis
232 578 329 595 deventum
347 578 408 599 suerit,
422 578 481 595 statim
494 577 541 595 dicta
552 577 665 595 Universitas
681 577 738 595 mittet
756 577 852 601 deputatos
869 577 890 594 ad
907 577 1009 599 officialem,
1027 581 1048 595 ut
1063 583 1096 595 eos

158 612 239 634 corrigat
250 611 351 628 secundum
361 611 468 628 forefactum
478 610 630 634 delinquentium,
641 614 660 628 et
669 611 751 634 requiret
761 617 810 632 eum,
822 614 843 628 ut
855 610 886 628 det
898 610 913 628 ei
927 616 980 628 unam
993 610 1063 628 literam
1077 611 1096 628 in

159 651 194 668 qua
211 648 302 665 caveatur,
318 644 368 667 quod
386 644 464 667 predicti
480 644 605 661 malefactores
624 644 664 667 ipso
684 645 731 662 sacto
748 644 784 661 sint
799 644 955 665 excommunicati,
973 650 1007 661 net:
1026 644 1096 661 absolvi

159 678 238 701 possint,
257 678 293 695 nisi
310 678 362 700 prius
380 678 473 694 emendam
488 677 606 695 Universitati
621 678 698 695 fecerint
710 677 825 701 condignum,
841 677 944 694 monicione
959 678 1048 700 premissa
1064 683 1098 700 per

160 714 251 728 rectorem
260 714 291 728 aut
298 711 353 728 aliurn
363 711 468 734 deputatum
476 711 499 727 ab
508 710 582 728 officiali
591 711 610 728 in
622 715 706 728 sermone
717 711 877 734 Quadragesimam
887 710 1004 734 precedente.

204 744 273 765 Tertio,
286 744 302 761 si
313 744 381 767 aliquis
395 750 431 761 non
444 744 522 761 clericus
537 750 570 761 nee
580 745 653 767 juratus
663 744 744 767 predicta
757 744 827 765 feeerit,
840 744 906 765 statim,
921 744 970 767 quod
982 744 1097 761 Universitas

160 777 239 798 sciverit,
251 777 310 794 mittet
319 777 341 794 ad
350 777 463 800 prepositum
473 777 573 799 Castelleti,
586 781 606 795 ut
615 778 661 795 mles
671 777 796 794 malefactores
806 778 882 801 pugnist
893 778 994 795 secundum
1002 777 1095 798 delictum,

160 811 277 836 protestando
288 811 311 827 de
321 816 358 827 nou
368 811 484 834 procedendo
495 811 517 828 ad
528 817 592 834 penam
601 811 703 834 sanguinis,
714 811 748 828 sed
760 811 839 828 civiliter
848 811 913 832 solum,
927 811 997 834 absque
1011 817 1032 828 es
1047 811 1095 834 quod

160 844 207 861 dicta
217 844 331 861 Universitas
345 850 378 867 pro
392 844 480 867 predictis
490 844 574 861 decetero
585 844 607 861 ad
618 844 679 867 ipsum
693 850 730 861 nou
746 847 831 861 recurrat.
846 845 868 861 Et
882 844 899 861 si
909 844 1011 861 soufletus‘
1026 844 1096 867 aliquo-

160 883 200 894 rum
207 877 310 900 juratorum
320 877 408 894 insultum
420 877 484 894 feeerit
497 880 527 894 aut
539 883 650 894 consensum
661 877 760 900 prebuerit,
777 877 836 894 statim
847 877 934 900 magister
946 878 987 900 ejus
1001 883 1034 900 per
1046 877 1096 900 jura·-

160 913 240 927 mentum
251 916 304 927 suurn
312 910 372 933 ipsum
383 910 475 933 expellere
484 916 494 927 a
504 910 582 928 servicio
593 914 682 932 teneatur,
692 910 732 927 sine
743 916 775 933 spe
785 910 804 927 in
814 913 907 933 posterum
920 910 1028 928 reddeundi(

204 943 280 965 Quarto,
290 943 369 966 precipit
381 943 427 960 dicta
438 943 551 961 Universitas
566 943 654 966 predictis
665 943 755 966 bejaunis,
769 943 804 960 sub
817 949 864 966 pena
876 943 984 967 privationis
998 943 1097 966 cujuslibet

160 976 236 994 honoris
246 976 268 994 ab
279 976 401 994 Universitate
409 976 496 1000 predicta,
507 976 557 999 quod
567 977 582 993 si
592 976 658 999 aliquis
668 976 733 994 inserat
744 976 771 994 eis
780 976 855 1000 aliquod
865 976 931 994 malurn
940 976 998 994 verbo
1007 976 1037 994 vel
1050 977 1096 994 facto

160 1010 257 1027 occasione
267 1015 330 1027 eorum
341 1009 433 1033 bejauuie,
443 1009 477 1027 hoc
487 1010 547 1027 statim
555 1009 662 1027 revelabunt
671 1013 742 1027 secrete
752 1010 901 1033 procuratoribus
911 1013 930 1027 et
938 1010 1013 1027 decanis
1022 1009 1096 1027 faculta-

161 1046 204 1064 tum,
218 1043 249 1066 qui
264 1043 283 1060 in
295 1043 439 1066 congregatione
452 1043 534 1066 generali
547 1043 620 1060 nomina
635 1043 758 1060 invadentium
774 1049 807 1066 per
819 1049 882 1060 eorum
897 1044 1000 1066 juramenta
1014 1043 1096 1061 revelare

160 1077 277 1093 tenebuntur.
976 1070 979 1072 .

204 1110 279 1132 Quinta,
292 1110 371 1133 precipit
386 1110 433 1127 dicta
452 1110 567 1127 Universitas
585 1110 670 1127 omnibus
689 1110 788 1133 hospitium
805 1110 901 1127 scolarium
919 1110 1031 1131 tenentibus,
1048 1110 1096 1133 quod

160 1143 220 1160 statim
229 1143 279 1166 quod
287 1143 375 1160 sciverint
384 1143 434 1166 quod
443 1143 497 1160 alicui
507 1143 586 1166 bejauno
593 1143 639 1160 facte
647 1144 716 1160 suerint
724 1143 784 1166 alique
793 1143 882 1160 violencie
893 1143 998 1166 corporales
1007 1143 1037 1160 vel
1048 1143 1096 1160 mine

160 1176 233 1193 racione
243 1176 327 1199 hejaunie
339 1182 379 1198 sue,
389 1176 448 1193 statim
459 1176 568 1194 revelabunt
576 1177 631 1194 modo
642 1177 727 1199 superius
739 1176 837 1193 nominato.

204 1210 264 1231 Sexto,
279 1209 356 1232 precipit
374 1209 420 1226 dicta
440 1209 555 1226 Universitas
569 1209 654 1226 omnihus
666 1209 705 1227 suis
715 1209 788 1232 juratis,
806 1209 855 1232 quod
871 1209 887 1226 si
901 1209 960 1226 sciant
975 1209 1055 1232 aliquem
1066 1209 1096 1227 vel

160 1242 231 1265 aliquos
248 1243 316 1259 inferre
331 1243 386 1259 alicui
402 1242 480 1265 hejauno
499 1243 529 1259 vel
544 1242 629 1259 intulisse
649 1242 753 1259 violentiam
772 1242 885 1265 corporalem
903 1242 933 1259 vel
952 1242 1096 1264 diffamatoriam,

160 1276 219 1292 minas
228 1275 257 1292 vel
268 1276 366 1298 dampnum
377 1275 506 1298 quodcumque
515 1275 586 1292 ratione
597 1275 682 1298 bejaunie
695 1281 765 1297 eorum,
780 1281 812 1298 per
826 1281 859 1292 sua
869 1276 971 1298 juramenta
982 1275 1095 1297 revelabunt,

161 1309 208 1326 sicut
216 1309 301 1332 superius
309 1309 377 1325 dictum
387 1312 422 1330 est,
432 1309 486 1325 citius
496 1303 549 1331 quarn
560 1312 651 1331 poterunt.

206 1342 264 1364 Super
274 1341 342 1364 quibus
351 1342 437 1358 omnibus
447 1345 466 1358 et
475 1341 555 1364 singulis
566 1341 586 1358 in
599 1342 646 1358 dicta
659 1341 721 1358 ultima
736 1342 882 1365 congregacione
892 1342 972 1365 generali
983 1342 1035 1359 sactis
1046 1342 1097 1365 petiit

160 1381 170 1392 a
183 1375 236 1392 nobis
249 1375 324 1392 notariis
340 1375 418 1398 publicis
430 1375 551 1399 infrascriptis
565 1379 582 1392 et
594 1375 704 1399 supradictis
719 1375 813 1399 predictus
824 1379 884 1393 rector
898 1375 933 1393 sibi
947 1376 989 1393 fieri
1003 1375 1096 1399 publicum

161 1408 308 1426 instrumentum.
323 1409 369 1426 Acta
383 1409 457 1426 fuerunt
471 1409 505 1426 hee
522 1409 602 1426 Parisius
619 1409 637 1426 in
652 1409 706 1432 plena
720 1409 866 1432 congregacione
879 1408 962 1432 generali
979 1409 998 1426 in
1018 1409 1096 1432 capitulo

161 1442 284 1465 predictorum
298 1442 428 1463 Jacohitarum‘,
441 1448 495 1464 anno,
509 1442 616 1464 indictione,
629 1448 699 1464 mense,
714 1442 744 1459 die
758 1442 828 1463 martis,
839 1441 1005 1465 supradicta'hora,
1020 1445 1038 1459 et
1049 1446 1096 1459 auno

161 1475 277 1498 pontificatus
299 1475 394 1498 predictis,
416 1476 534 1499 presentibus
553 1476 575 1492 ad
593 1475 627 1493 hec
646 1476 690 1494 viris
709 1475 845 1492 venerabilibus
865 1478 883 1492 et
901 1475 987 1492 discretis
1003 1475 1097 1498 magistris
