1308 1835
166 205 188 222 88
454 210 613 222 cnanruunmu
632 210 726 222 umvnns.
744 211 809 222 ranis.
1050 204 1101 223 [1300

167 251 239 270 paratus
257 253 317 265 essem
335 247 431 265 temerarie
449 247 496 264 dicta
513 247 568 264 modo
584 247 687 264 rationabili
705 250 812 270 temperare,
830 247 969 264 considerabam
985 247 1041 270 quod,
1058 247 1101 265 licet

167 280 256 305 instanter
267 284 349 303 peterem
361 280 442 297 rationes
454 280 473 296 in
485 280 558 302 scriptis
570 279 637 303 quibus
650 280 769 303 impugnandi
782 280 863 303 quolibet
874 280 928 297 modo
939 280 1048 297 videbantur
1060 286 1101 303 pre-

167 314 211 331 dicti
223 313 300 335 articuli,
314 317 334 330 ut
346 319 403 331 meam
416 313 545 330 conscientiam
558 313 674 330 informarem
686 317 703 330 et
716 313 813 330 solidarem
826 319 858 330 nec
872 314 968 336 quicquam
979 314 1064 335 facerem,
1080 319 1100 331 ea

167 346 265 364 fluctuante
277 346 306 363 vel
320 349 450 368 murmurante,
465 346 551 363 noluistis
566 346 621 363 michi
635 346 742 367 concedere,
757 352 796 363 cum
813 350 871 363 minen
885 346 939 363 vobis
952 346 1045 363 incumbat
1057 352 1100 363 con-

167 380 253 396 scientias
264 379 359 396 hominum
371 379 450 396 solidare
461 385 481 396 ac
492 385 599 402 preservare
609 385 619 396 a
630 379 682 403 lapsu
694 379 723 396 vel
734 380 791 396 ruina.
805 380 879 400 lterum,
893 379 1009 402 presentibus
1022 383 1039 397 et
1052 386 1100 397 coas-

167 413 275 430 sistentibus
288 413 332 430 mihi
345 413 419 430 domino
431 412 529 434 Almarico,
542 413 648 430 vicecomite
661 413 781 434 Narbonensi„
796 416 815 430 et
828 413 903 430 domino
917 413 951 430 G.·
967 413 990 429 de
1003 414 1100 436 Nogareto,

167 446 224 463 milite
239 446 308 463 domini
323 446 373 470 regis
388 446 470 468 Francie,
485 449 504 464 et
517 446 590 464 domino
605 446 685 470 Alphino
699 451 722 464 αθ
736 446 808 469 Narnia,
823 446 890 464 clerico
906 446 988 470 ejusdem
1003 446 1069 470 regis¹.
1084 449 1101 463 et

167 480 254 503 magistro
266 480 349 497 Gerardo
360 480 383 497 de
393 481 443 497 Nova
450 480 505 502 Villa,
517 484 590 497 cantore
603 480 626 497 de
638 481 715 503 Tyarno,
728 484 747 497 et
757 481 844 503 magistro
855 481 876 498 C.
888 480 911 497 de
922 480 1001 502 Peilaco,
1013 480 1100 497 canonino

166 513 276 534 Vivariensi⁷
292 516 310 530 et
324 513 398 530 domino
414 514 491 536 Symone
506 514 529 530 de
543 514 621 536 Marcay,
638 513 695 530 milite
710 513 779 530 domini
792 514 849 536 regis,
864 513 960 530 audiebam
974 520 983 530 a
999 513 1100 531 reverendo

167 550 217 569 patre
232 546 305 563 domino
320 547 458 570 archiepiscopo
473 546 598 563 Narbonensi⁸
612 549 631 563 et
644 552 654 563 a
668 546 748 563 discreto
762 546 801 563 viro
816 546 943 563 archidiacono
955 546 1021 570 Algye,
1034 547 1065 569 qui
1078 546 1100 563 de

167 579 220 597 vobis
232 580 255 597 ad
267 586 295 597 me
307 580 389 597 vicissim
402 579 548 596 intercurrebant
560 582 577 596 et
589 579 690 596 referentes
701 579 744 596 hinc
756 579 799 596 inde
812 579 906 602 proposita
917 583 936 596 et
947 582 1044 596 tractantes
1059 585 1100 596 con-

167 613 247 631 cordiam
262 616 280 629 et
294 613 392 630 offerentes
407 618 440 635 pro
455 618 483 629 me
498 612 547 635 quod
562 612 665 629 immediate
679 615 752 635 paratus
766 618 815 629 eram
828 612 864 629 iter
878 612 958 635 arripere
972 613 995 629 ad
1009 618 1099 629 summum

167 646 271 669 pontificem
282 649 300 662 et
306 646 378 668 judicio
389 646 428 668 ejus
439 649 493 667 stare,
504 646 553 668 quod
564 652 604 667 vos⁷
614 646 690 666 domini7
700 646 828 663 ordinaveritis
839 652 867 663 me
878 652 911 669 per
920 646 1027 669 episcopum
1037 652 1101 669 supra-

168 679 235 696 dictum
249 679 323 696 retineri
336 682 354 696 et
366 679 481 700 incarcerari⁷
494 679 510 696 si
521 682 581 696 vestre
594 679 693 696 voluissem
706 679 854 696 condescendere
866 679 961 696 voluntati.
976 679 1100 702 Percipiebani

168 712 243 735 insuper
258 712 280 729 ab
295 712 365 729 eisdem
380 712 429 735 quod
446 712 477 729 ille
494 712 630 736 magistrorum,
648 713 679 736 qui
695 712 781 730 vexillum
798 712 874 736 gerebat
887 712 1001 733 humilitatis,
1015 712 1100 729 videlicet

168 745 241 763 cordam
256 745 317 769 angeli
331 745 365 762 Dei
380 749 397 762 et
412 745 502 769 signaculi
516 745 549 762 Dei
565 745 666 766 salvatoris,
681 745 752 763 scilicet
764 745 813 763 beati
827 746 924 767 Francisci7
940 745 963 763 ad
976 751 1005 763 me
1018 745 1101 763 submer-

168 778 248 802 gendum
259 779 325 796 ceteris
335 778 395 796 acrius
405 778 492 800 seviebat.
504 779 552 802 quod
565 779 681 802 postmodum
694 778 822 796 nichilominus
836 779 959 802 experimento
971 779 1050 802 cogitavi
1060 785 1099 796 cum

168 816 185 830 et
195 812 235 835 ipse
245 812 337 835 signanti‘
348 816 365 829 et
375 812 448 835 quidam
458 812 488 829 alii
499 816 593 829 moventes
605 813 663 835 capita
676 812 769 829 irridendo
783 812 873 829 dixissent
883 812 973 829 obliviose
987 816 1004 829 et
1014 812 1101 835 callump-

167 846 220 863 niose
231 852 235 862 z
245 852 279 863 vos
289 846 358 863 sedetis
369 851 424 868 super
434 845 533 869 speculam,
543 852 576 863 vos
590 846 634 863 estis
646 846 744 869 propheta3
758 846 848 863 obliviose
861 846 942 869 quidem,
956 846 998 868 quia
1010 846 1100 863 recordati

167 885 204 896 non
218 882 261 896 sunt
275 879 324 902 quod
338 879 414 902 spiritus
428 879 459 895 nbi
474 879 512 896 vult
522 879 579 902 spirat
592 882 610 896 et
624 879 709 896 dominus
719 885 755 896 non
770 879 832 901 abjicit
846 879 932 902 parvulos
945 878 978 896 sed
992 879 1100 902 sapienciam

168 915 236 935 prestat
246 912 283 933 eis;
293 912 425 935 callumpniose
436 918 486 934 vero,
500 912 541 935 quia
555 912 573 929 in
587 912 676 935 opusculo
690 918 730 929 meo
744 918 781 929 non
794 912 898 929 cont-inetur
911 912 960 935 quod
972 918 1007 935 ego
1018 912 1101 929 sederem

167 945 196 962 vel
211 945 285 962 sedeam
301 951 357 968 snper
374 945 466 968 speculam
483 946 516 962 sed
533 945 581 968 quod
597 946 721 968 speculatores
735 945 813 962 ecclesie
827 945 896 963 Christi
910 945 978 962 debent
993 945 1102 963 adversariis

168 979 324 1002 interrogantibus
334 979 394 996 taliter
404 979 523 1002 respondere.
534 979 579 996 Cum
593 979 678 996 omnibus
691 979 747 1002 igitur
758 979 868 1002 supradictis
879 979 998 1002 cognoverim
1011 979 1101 1002 probabili

167 1013 272 1035 conjectura
283 1012 331 1035 quod
342 1015 402 1035 parata
412 1012 467 1029 michi
477 1016 515 1030 erat
525 1013 605 1030 retencio
616 1012 715 1035 capcionis,
727 1018 787 1030 coram
800 1012 852 1029 vobis
865 1012 971 1030 doctoribus
982 1016 1000 1029 et
1009 1012 1102 1036 magistris

167 1045 241 1069 collegii
252 1045 380 1068 theologorum
390 1046 521 1063 Parisiensium
531 1049 549 1063 et
558 1046 629 1063 cunctis
638 1046 761 1069 presentibus,
773 1051 808 1068 ego
818 1046 905 1069 magister
914 1046 936 1062 A⁴
947 1046 1007 1063 dictus
1020 1045 1042 1062 de
1054 1045 1101 1063 Villa

167 1079 224 1099 Nova,
236 1078 326 1096 habitator
340 1079 509 1102 Montispessulani,
524 1085 564 1096 cuni
577 1079 658 1102 presenti
671 1079 739 1102 scripto
752 1082 844 1102 protestor
853 1083 871 1096 et
881 1079 998 1102 protestando
1009 1079 1050 1096 dico
1063 1079 1101 1096 sive

168 1112 269 1135 pronuncio
285 1112 334 1135 quod
349 1112 436 1135 quicquid
450 1118 508 1135 nuper
522 1118 581 1129 coram
596 1112 669 1129 domino
683 1113 769 1135 episcopo
784 1112 827 1133 dixi,
841 1112 919 1135 legendo
935 1112 1017 1129 cedulam
1031 1112 1102 1129 ordina-

168 1145 227 1162 cionis
241 1148 301 1162 vestre
316 1151 369 1168 quam
384 1146 470 1163 dominus
484 1145 604 1163 cancellarius
621 1146 683 1168 posuit
698 1146 717 1162 in
734 1146 817 1162 manibus
832 1146 877 1162 meis
892 1146 963 1162 instans
977 1149 997 1162 ut
1013 1145 1101 1168 legerem⁷

168 1179 217 1195 omni
231 1178 321 1195 dilacione
335 1179 443 1202 postposita,
457 1185 494 1196 non
509 1179 546 1196 dixi
560 1185 593 1196 nec
606 1179 725 1202 pronunciavi
739 1179 818 1202 legendo
832 1179 860 1196 vel
875 1178 934 1200 aliter„
948 1179 985 1195 nisi
1000 1184 1101 1196 concussus

168 1212 232 1229 timore
242 1212 346 1235 perniciose
360 1212 425 1229 domus
438 1212 457 1229 in
471 1218 505 1235 qua
515 1212 599 1229 timebam
613 1213 722 1229 incarcerari
734 1215 809 1235 propter
820 1212 907 1235 predicta,
921 1216 939 1229 et
951 1212 1000 1234 ideo,
1010 1218 1052 1229 cum
1061 1218 1101 1235 pro·

167 1251 232 1262 cessus
242 1251 275 1268 per
285 1251 317 1262 vos
330 1245 388 1262 sactus
402 1249 420 1262 et
434 1245 526 1262 dominum
540 1246 646 1268 episcopum
660 1245 784 1268 supradictum
798 1245 821 1262 sit
835 1245 874 1268 ipso
884 1246 927 1268 jure
938 1245 1002 1263 irritus
1015 1249 1032 1262 et
1042 1246 1101 1262 inanis

168 1284 188 1295 ac
202 1278 271 1299 nullus,
282 1284 323 1295 cum
338 1278 416 1295 caruerit
425 1278 550 1298 fundamento,
565 1284 599 1295 nec
612 1284 647 1301 ego
660 1279 772 1301 (j)uraverim
785 1279 863 1295 eundem
876 1285 956 1300 servare,
970 1285 1003 1302 pro
1017 1282 1066 1296 tanto
1080 1285 1101 1296 ex

168 1317 216 1328 nune
229 1317 276 1334 opus
289 1317 350 1328 meum
363 1311 385 1328 de
395 1311 480 1328 Adventu
492 1311 600 1328 Antichristi
610 1312 702 1328 committo
713 1312 790 1329 examini
803 1315 820 1328 et
830 1312 901 1335 judicio
912 1312 1013 1335 apostolice
1024 1312 1074 1329 sedis
1084 1315 1102 1329 et

167 1351 196 1362 me
209 1345 269 1368 ipsum
284 1344 392 1368 protectioni
407 1345 452 1367 ejus,
467 1348 539 1367 paratus
552 1351 593 1361 cum
606 1345 696 1367 adjutorio
710 1344 778 1362 Christi
793 1345 905 1368 respondere
918 1345 986 1363 ibidem
999 1345 1101 1363 rationibus

168 1385 319 1402 quorumeunque
335 1379 434 1396 volentium
450 1378 517 1397 dictum
533 1379 641 1402 opusculum
654 1379 768 1402 impugnare,
782 1383 799 1396 et
811 1385 931 1402 quoscunque
943 1379 1027 1396 volentes
1039 1379 1100 1396 invehi

167 1412 196 1429 vel
211 1412 311 1435 procedere
326 1412 383 1435 palam
398 1412 427 1429 vel
442 1412 515 1435 publice
530 1415 592 1429 contra
606 1412 672 1435 ipsum,
688 1413 813 1435 cujuscunque
830 1413 898 1436 gradus
914 1412 944 1429 vel
960 1412 1054 1435 dignitatis
1071 1416 1101 1429 aut

167 1448 224 1462 status
239 1445 312 1466 fuerint.
330 1451 409 1468 provoco
424 1451 446 1462 ex
460 1451 508 1462 nunc
524 1445 545 1462 ad
561 1446 673 1468 presenciam
689 1449 706 1462 et
720 1446 833 1463 audienciam
847 1446 913 1462 summi
927 1445 1019 1469 pontificis
1030 1446 1050 1462 in
1064 1452 1100 1468 quo

167 1478 235 1504 fluenta
251 1478 368 1495 scientiarum
385 1478 448 1501 vigent
464 1482 481 1495 et
498 1479 572 1501 assigno
588 1479 616 1495 eis
631 1479 728 1496 terminum
746 1482 826 1501 quartam
841 1478 959 1495 ebdomadam
974 1482 1016 1502 post
1032 1479 1099 1496 Pascha
