1308 1835
221 196 282 214 1341]
423 203 447 214 as
464 202 516 214 Auno
533 202 651 214 uccnxxxw
667 201 733 216 usqua
751 201 775 212 m
791 200 861 212 anuum
877 199 948 212 manci..
1117 198 1151 215 ‘517

222 244 275 261 quam
285 241 351 260 rector,
359 238 376 255 si
385 245 422 255 non
432 239 523 256 inveniret
533 239 620 255 decanum
630 238 719 256 facultatis
728 238 821 261 theologie
833 243 865 261 pro
872 241 954 260 tempore
964 237 986 254 ad
998 238 1071 255 domum
1084 238 1152 256 habita-

222 271 277 288 tionis
287 277 320 288 sue
328 271 352 288 ad
361 271 502 294 significandum
512 271 548 288 sibi
559 271 720 294 congregationem
730 271 835 294 generalem
845 275 864 288 et
872 271 958 295 articulos
968 277 1025 294 super
1033 271 1100 294 quibus
1112 271 1152 288 fieri

223 304 303 325 deberet,
313 304 335 321 ad
343 304 445 321 evitandum
452 304 576 327 fatigationem
584 304 667 325 rectoris,
673 304 708 321 hoc
716 304 751 327 ipsi
757 304 826 321 decano
834 310 867 328 per
873 304 956 321 cedulam
963 304 993 321 vel
999 304 1091 325 familiam¹
1098 310 1151 327 quarn

222 338 241 354 in
251 337 304 354 domo
313 337 408 360 reperiret,
418 340 473 360 prout
481 340 544 360 posset
551 337 617 354 melius
627 337 673 358 fieri„
685 337 802 360 significaret,
813 341 834 354 ut
842 338 865 354 lis
875 338 955 360 predicta
963 338 1046 355 securius
1055 337 1152 360 sopiretur,

222 374 239 387 et
252 370 298 387 inter
310 370 359 393 ipsas
372 370 417 387 duas
430 370 524 387 facultates
537 376 574 387 non
588 370 660 387 veniret
671 376 727 393 super
739 370 774 387 hoc
786 371 910 388 controversia
923 371 942 387 in
955 371 1041 388 futurum.
1058 371 1080 387 Et
1093 370 1152 387 statim

222 403 308 426 magister
316 403 383 426 Symon
393 403 494 426 respondit,
506 403 554 426 quod
564 404 604 426 ipse
613 406 708 420 vocaverat
717 403 782 420 dietam
791 403 894 420 facultatem
907 403 1000 426 theolog-ie
1013 410 1068 427 super
1081 404 1122 425 hoc,
1135 407 1152 420 et

222 436 270 460 quod
281 436 363 460 magistri
371 436 452 459 ejusdem
463 440 550 453 venerant
560 440 577 453 et
587 440 637 453 erant
647 436 754 459 congregati
763 436 783 453 in
792 436 840 453 dicta
847 436 902 453 domo
912 437 972 453 Sancti
979 437 1071 458 Maturini,
1080 436 1097 454 s't
1103 437 1152 459 quod

222 470 300 487 libenter
309 470 416 493 loqueretur
425 476 481 493 super
490 470 525 487 hoc
535 476 575 487 cum
586 470 661 487 eisdem.
761 471 764 473 “

212 494 218 498 ‚
240 500 243 502 v
266 504 288 520 Et
303 503 423 520 incontinenti
435 503 493 520 dictus
506 504 594 526 magister
606 504 673 526 Symon
686 509 726 520 cum
737 503 811 526 prefatis
824 503 915 526 magistris
927 503 945 520 in
956 503 1047 526 theologia
1058 503 1094 520 sibi
1106 503 1152 520 assi-

222 536 313 554 stentibus
326 540 445 554 accesserunt
455 537 478 554 ad
492 537 557 554 dictam
565 537 668 561 =facultatem
679 537 772 560 theologie
785 540 804 553 et
815 534 912 559 magistros
925 536 1007 559 ejusdem
1021 536 1120 553 existentes
1133 536 1152 553 iu

211 570 213 572 “
222 570 301 587 claustro
309 570 357 587 dicte
365 570 437 592 domus,
443 571 462 587 in
469 570 510 587 loco
517 570 548 587 ubi
554 568 654 587 Norinanni
661 570 720 587 facere
728 573 864 587 consueverunt
871 569 1016 586 deliberaciones
1024 575 1072 590 suas,
1081 569 1152 592 quando

222 603 242 620 fit
249 604 367 627 congregatio
378 604 475 627 generalis.
486 604 508 620 Et
518 604 565 620 dicta
574 603 650 620 facultas
659 603 723 620 artium
731 603 846 620 remansit—in
856 603 905 620 dicto
912 603 998 626 capitulo,
1006 603 1070 625 etipsa
1077 603 1096 619 in
1103 603 1152 620 dicto

222 637 300 660 capitulo
311 643 344 659 per
354 637 437 654 nationes
445 643 495 653 more
504 637 558 654 solito
566 637 624 654 divisa
631 637 653 653 ad
661 636 799 654 deliberandum
807 642 862 660 super
869 636 970 660 premissis,
978 639 998 653 et
1004 639 1067 659 postea
1074 636 1152 653 invicem

223 670 310 687 redeunte
318 673 336 687 et
344 670 399 691 unita⁷
408 676 427 687 ac
436 670 551 692 postmodum
560 670 606 687 dicta
616 670 699 687 facultate
708 670 772 687 artium
781 673 798 687 et
806 670 886 693 predicta
895 669 978 687 facultate
986 669 1078 692 theologie
1086 669 1152 686 habitis

223 702 385 720 deliberationibus
396 703 447 726 prius
457 703 575 726 singulariter
585 703 604 720 in
614 703 691 724 eisdem„
701 703 787 720 videlicet
801 703 819 719 in
834 703 915 726 qualibet
927 703 1006 725 ipsarum
1021 708 1054 726 per
1063 708 1084 719 se
1097 708 1152 726 super

223 736 324 758 premissis,
335 739 354 753 et
362 736 423 753 denuo
431 736 506 753 insimul
516 736 639 759 congregatis,
649 736 696 753 dicta
703 736 778 753 facultas
786 736 879 759 theologie
886 742 919 759 per
928 736 1051 753 venerabilem
1060 736 1152 753 doctorem

222 769 327 792 magistrum
336 769 446 786 Bertaudum
459 769 526 786 Sorelli
540 769 638 792 predictam
650 775 700 786 suani
711 769 860 786 deliberationem
873 769 990 792 pronunciari
1002 769 1045 786 fecit
1057 772 1074 786 et
1086 769 1121 786 diei
1134 772 1153 786 et

222 802 329 825 responderi
340 802 414 819 nomine
423 802 471 819 dicte
480 802 570 819 facultatis
580 802 673 826 theologie
684 805 702 819 et
712 802 826 826 singulorum
837 803 964 826 magistrorum
972 802 1055 825 ejusdem
1062 808 1118 826 super
1124 803 1152 820 via

222 836 307 858 superius
317 838 402 858 pretaeta,
413 836 462 858 quod
472 835 518 852 dicta
528 835 603 852 facultas
613 835 706 859 theologie
717 841 736 852 ac
747 836 826 852 decanus
836 841 855 852 ae
866 835 947 859 magistri
961 836 1042 858 ejusdem
1055 842 1088 859 pro
1100 841 1121 853 se
1135 839 1154 853 et

222 868 305 885 facultate
318 874 351 885 sua
363 868 444 891 predicta
455 868 551 886 voluerant
564 871 582 885 et
594 868 728 889 ordinaverant,
742 874 761 885 ae
775 874 809 892 pro
822 868 871 886 bono
883 869 933 891 pacis
944 868 1036 890 volebant,
1050 869 1153 886 consentie-

222 901 265 919 bant
274 905 293 919 et
300 902 414 923 ordinabant,
425 908 445 919 ac
454 902 521 919 futuris
531 901 645 925 temporibus
655 908 688 925 pro
697 908 718 919 se
728 905 747 919 et
756 902 795 919 suis
806 901 944 919 successoribus
956 901 1049 919 observari
1061 902 1152 923 volebant,

222 938 324 952 statuerunt
335 938 354 952 et
363 935 472 956 statuebant,
483 935 615 952 deliberatione
625 941 680 958 super
690 935 720 952 his
729 935 789 952 habita
799 935 889 958 diligenti,
901 935 949 958 quod
959 935 975 952 si
988 939 1046 952 rector
1056 936 1087 958 qui
1097 939 1125 952 est
1135 939 1154 952 et

222 969 253 991 qui
263 969 297 985 erit
307 974 340 991 pro
351 972 439 991 tempore,
451 969 549 986 accesserit
558 969 606 986 bona
613 969 657 990 fide,
666 972 685 985 et
694 968 763 991 absque
773 968 836 986 fraude
844 972 862 985 et
869 968 911 985 dolo
921 969 943 986 ad
953 969 1026 985 domum
1036 968 1153 986 habitationis

221 1002 285 1018 decani
296 1002 387 1019 facultatis
397 1002 489 1025 theologie
500 1002 609 1019 Parisiensis
620 1007 652 1025 pro
664 1005 752 1025 tempore,
765 1001 810 1019 hora
819 1008 854 1024 qua
865 1002 905 1025 ipse
915 1002 996 1019 decanus
1007 1002 1027 1018 in
1038 1002 1086 1019 dicta
1098 1001 1152 1018 domo

222 1041 254 1052 sua
264 1035 385 1058 personaliter
394 1041 432 1052 non
440 1035 501 1056 fuerit,
511 1038 529 1052 et
539 1041 572 1058 per
581 1035 615 1052 hoc
626 1035 686 1058 ipsum
695 1035 784 1052 decanum
794 1035 854 1052 dictus
865 1038 924 1052 rector
934 1041 971 1053 non
978 1035 1045 1058 poterit
1051 1035 1069 1052 in
1078 1041 1098 1052 ea
1104 1035 1153 1052 inve-

222 1068 267 1089 nire,
278 1068 327 1091 quod
338 1068 416 1085 sufficiet
424 1068 491 1085 rectori
501 1068 592 1085 dimittere
600 1074 654 1085 unam
663 1068 747 1085 cedulam
757 1068 853 1091 sigillatam
862 1068 880 1085 in
888 1068 936 1085 dicta
945 1068 999 1085 domo
1009 1074 1066 1091 penes
1078 1068 1121 1085 illos
1130 1068 1153 1085 de

221 1101 288 1118 familia
296 1101 341 1118 dicti
351 1101 420 1122 decani,
433 1101 464 1124 qui
476 1101 494 1118 in
504 1101 544 1124 ipsa
554 1101 607 1118 domo
618 1101 686 1124 reperti
699 1101 774 1122 fuerint,
784 1101 803 1118 in
814 1107 849 1124 qua
858 1101 923 1118 cedula
933 1101 977 1118 hora
990 1107 1025 1124 qua
1035 1101 1153 1124 congregatio

222 1134 313 1157 generalis
321 1138 339 1151 et
346 1134 416 1151 articuli
427 1140 482 1157 super
492 1134 559 1157 quibus
567 1134 607 1151 fieri
615 1134 714 1155 debebam,
722 1134 870 1151 continebuntur.
879 1135 901 1151 Et
908 1134 992 1151 similiter
1002 1137 1020 1151 et
1027 1134 1091 1151 eodem
1098 1134 1153 1151 modo

222 1168 319 1185 voluerunt
332 1171 351 1184 et
361 1171 463 1185 statuerunt
477 1167 500 1184 de
510 1168 597 1192 magistro
610 1167 630 1184 in
644 1167 721 1188 artibus,
737 1167 768 1190 qui
781 1167 820 1184 loco
830 1167 874 1184 dicti
883 1167 960 1184 rectoris
970 1167 1070 1184 secundum
1085 1173 1153 1184 morem

222 1201 295 1218 solitum
305 1201 327 1218 ad
337 1201 371 1218 hoe
382 1201 438 1218 fuerit
444 1201 547 1224 deputatus*

266 1235 351 1252 Preterea
360 1234 408 1252 dicta
417 1234 492 1252 facultas
503 1235 567 1252 artium
577 1234 729 1252 deliberationem
738 1240 789 1252 suam
797 1240 853 1258 super
860 1234 955 1258 premissis
966 1234 1045 1251 reddidit
1053 1237 1070 1251 et
1077 1240 1153 1257 respon-

222 1268 262 1285 deri
270 1267 314 1285 fecit
323 1274 356 1291 per
365 1268 473 1291 mag-istrum
482 1267 582 1285 Johannem
594 1271 684 1285 rectorem
694 1267 795 1291 predictum
806 1268 824 1285 in
837 1267 884 1284 hunc
898 1268 977 1289 modum„
991 1268 1039 1290 quod
1051 1267 1095 1284 licet
1106 1267 1154 1285 dicta

222 1301 297 1318 facultas
307 1307 344 1317 nou
357 1301 419 1318 credat
429 1307 462 1318 uec
477 1301 554 1318 fateatur
564 1307 584 1318 se
597 1301 665 1324 injuste
678 1304 741 1318 contra
755 1301 823 1318 dictum
835 1301 941 1324 magistrum
954 1301 1051 1324 Symonem
1062 1301 1082 1318 iu
1094 1304 1154 1324 prete-

221 1326 276 1351 ritum
286 1333 400 1357 aliquatenus
409 1334 529 1357 processisse,
540 1340 573 1351 nee
583 1334 618 1351 hoc
629 1335 667 1357 ipsa
677 1334 759 1355 facultas,
768 1326 855 1357 quantuni
864 1334 918 1351 estin
926 1340 952 1355 se,
962 1337 1035 1351 revocet
1041 1333 1061 1351 in
1070 1333 1153 1355 dubium,

223 1367 264 1391 quia
277 1370 337 1384 tamen
348 1367 399 1384 dubii
412 1370 454 1384 sunt
464 1370 541 1384 eventus
548 1367 666 1390 judiciorum,
678 1371 753 1391 propter
762 1367 839 1385 dubium
851 1371 936 1385 eventum
947 1367 1059 1390 judiciorum
1072 1368 1105 1385 et¹¹
1117 1367 1154 1389 litis

221 1401 320 1424 pendentis
338 1407 394 1423 super
413 1401 508 1424 premissis
522 1401 570 1418 inter
585 1404 645 1424 partes
663 1401 754 1423 predictas
769 1401 834 1418 dictam
849 1401 999 1424 supplicationem
1017 1401 1060 1418 dicti
1072 1401 1154 1424 magistri

223 1434 307 1457 Symonis
319 1440 353 1457 pro
363 1434 412 1451 bono
422 1434 472 1457 pacis
480 1437 498 1451 et
507 1440 568 1451 amore
579 1434 638 1458 ipsius
648 1434 731 1457 magistri
742 1434 825 1457 Symonis
837 1437 855 1451 et
865 1434 954 1451 facultatis
964 1434 1057 1457 theologie
1066 1434 1154 1457 predicte,

223 1471 308 1491 quantum
319 1467 342 1485 ad
352 1471 420 1491 partem
430 1467 449 1485 in
459 1473 493 1491 qua
504 1467 617 1491 supplicabat
629 1467 652 1485 de
662 1467 726 1491 gratia,
739 1467 845 1485 admittebat
857 1470 876 1485 et
885 1467 967 1491 placebat
976 1467 1036 1491 ipsum
1047 1467 1154 1491 magistrum
