1308 1835
210 195 258 214 1345]
411 202 435 213 ΑΒ
451 202 505 213 Auno
522 201 639 213 ncczxxxvx
657 200 722 215 usque
737 200 761 212 An
778 200 847 212 mrum
864 200 937 212 mcccc.
1107 197 1138 215 561

208 238 306 261 aliquando
316 238 339 255 de
350 238 388 255 suis
401 239 483 261 pecuniis
494 239 553 261 ipsius
564 238 647 261 magistri
659 237 799 255 necessitatibus
812 237 942 255 subvenerunt.
954 238 986 258 [De
996 237 1073 260 quodam
1084 238 1140 255 bene-

209 271 250 288 ficio
262 271 328 288 eccles.
342 275 359 288 et
372 271 394 288 de
407 271 491 288 facultate
503 271 537 288 alia
550 271 655 292 retinendi.]

254 304 338 321 Gilberto
354 304 451 327 Flemyng¹
469 304 538 321 decano
550 304 628 321 ecclesie
644 304 789 324 Aberdonensis„
804 305 875 322 doctori
891 305 1013 325 decretorum,
1028 304 1051 321 de
1063 304 1140 321 ecclesia

209 340 270 354 curata
280 337 302 354 de
313 337 380 354 Liscon
390 337 449 354 Sancti
460 337 534 354 Andree
546 337 626 354 diocesis
635 340 709 354 vacante
722 338 745 354 ad
754 343 831 360 presens
841 338 860 354 in
870 339 949 355 Romana
960 338 1009 354 curia
1020 343 1053 360 per
1063 340 1140 354 mortem

210 370 292 393 magistri
301 370 380 393 Augusti
390 370 413 387 de
423 370 501 393 Ergadia
511 370 589 387 ecclesie
599 370 681 393 predicte
691 370 774 387 rectoris.
786 371 837 392 mat,
849 374 868 387 et
878 371 937 394 possit
946 371 981 388 alia
992 371 1085 393 retinere.]

254 403 331 420 iohanni
342 403 364 420 de
375 403 486 420 Lemovicis'
497 406 536 420 actu
546 404 618 426 regenti
628 403 708 420 Parisius
718 403 737 420 in
747 403 830 420 facultate
840 404 937 425 medicine,
947 404 970 421 de
980 404 1038 421 officio
1049 410 1082 421 seu
1092 404 1141 426 regi-

211 437 259 453 mine
268 436 359 453 scolarum
370 436 549 459 Rothomagensium.
561 436 637 459 [Recipit
648 442 712 453 canon⁴
723 439 742 453 et
752 436 804 459 preb.
813 436 856 453 ecel*
866 437 948 457 TornacJ

254 469 331 486 Johanni
346 470 457 493 Mercoyrol‘
468 470 535 487 clerico
545 469 701 487 Claromontensis
712 469 798 490 diocesis,
811 469 898 492 magistro
910 469 930 486 in
941 469 1018 491 artibus,
1029 470 1095 487 nuncio
1108 475 1141 493 pro

211 503 287 520 nacione
296 502 396 524 Gallicana,
411 504 442 526 qui
453 503 534 526 propriis
548 502 642 520 laboribus
653 506 670 519 et
680 502 788 526 patrimonio
803 508 836 519 suo
848 502 899 519 tenui
910 502 998 525 nulloque
1010 503 1046 520 alio
1058 502 1142 520 subsidio

211 539 323 553 sustentatus
334 536 353 553 in
363 536 462 553 Parisiensi
471 536 594 559 studiolongo
601 539 684 559 tempore
693 536 788 557 laboravit,
798 539 848 553 actus
859 535 1005 559 disputacionum
1016 540 1034 553 et
1042 536 1142 553 litterarum

211 569 283 586 labores
291 569 310 586 in
318 569 401 586 facultate
410 569 490 592 predicta
498 570 548 592 juxta
559 575 614 592 posse
622 569 700 586 fideliter
708 569 816 586 exercendo.
825 570 848 586 Et
857 569 928 589 fuisset,
937 568 967 585 diu
976 572 1010 590 est,
1019 572 1113 592 promotus
1121 569 1143 586 ad

210 602 279 625 gradus
291 602 367 619 honoris
380 602 399 619 in
409 601 442 619 alia
451 602 535 619 facultate
545 601 574 619 vel
584 602 631 623 aliis,
645 602 661 619 si
673 602 776 619 subsidium
790 602 839 619 unde
850 607 940 625 expensas
949 601 1040 625 potuisset.
1052 602 1143 619 sustinere

211 635 311 656 habuisset,
322 639 340 652 et
350 635 436 658 proponit
445 635 548 658 promoveri
559 636 597 652 Deo
607 635 661 652 dante
671 636 713 652 dum
724 635 804 656 habehit,
814 635 837 652 de
847 635 936 652 beneficio
946 634 1077 652 ecclesiastico.
1087 635 1143 656 [Fiat.]

255 668 323 685 Iacobo
333 668 406 685 Londe‘
419 668 442 685 de
450 669 513 692 Ypris,
527 669 614 692 magistro
624 669 643 685 in
656 669 731 689 artibus⁷
742 669 853 686 Morinensis
867 669 953 690 diocesis,
967 668 1011 685 alies
1024 668 1089 685 rectori
1099 669 1144 685 Uni-

210 702 302 719 versitatis
321 702 439 723 Parisiensis,
459 708 507 719 nunc
527 702 548 719 ad
568 702 625 725 pedes
641 705 701 719 vestre
719 702 790 719 sanctit
809 702 876 719 nuncio
894 702 992 722 destinato,
1011 702 1041 724 qui
1063 701 1144 724 regendo

211 735 297 752 continue
307 735 326 752 in
337 735 457 757 naturalibus,
468 735 648 758 methaphisicalibus
659 739 677 752 et
691 735 790 752 moralibus
803 739 844 752 octo
853 735 906 752 annis
915 735 945 752 vel
957 734 1041 758 pluribus
1054 735 1071 751 in
1084 735 1145 752 studio

212 768 311 785 Parisiensi
326 768 421 788 laboravit,
437 774 470 791 per
483 768 543 791 aliqua
558 772 639 791 tempora
654 768 672 785 in
687 768 780 791 theologie
794 768 864 785 studuit
877 768 967 790 facultate,
982 774 1016 785 nec
1030 768 1085 785 habet
1096 768 1145 785 unde

211 801 234 818 ad
247 801 323 824 gradum
338 801 415 818 honoris
429 801 448 818 in
463 801 510 818 dicta
524 801 607 818 facultate
622 801 680 818 valeat
692 801 802 824 promoveii,
813 807 853 818 cum
868 801 914 818 bona
929 807 964 824 que
976 801 1039 818 habuit
1054 801 1076 818 de
1092 801 1146 824 patri-

211 835 272 851 monio
292 840 325 857 per
344 834 466 851 Flandrenses
485 834 559 857 penitus
577 834 652 851 fuerunt
672 834 773 855 devastata,
795 834 880 857 quatinus
899 834 934 851 sibi
954 834 1052 857 specialem
1070 834 1145 857 gratiam

211 868 305 888 facientes,
325 867 349 884 de
365 867 424 884 officio
443 873 477 884 seu
493 867 583 890 regimine
598 867 688 884 scolarum
705 868 815 890 Yprensium
834 868 945 884 Morinensis
964 867 1050 884 diocesis
1069 868 1146 891 [Recipit

211 907 275 917 canon.
291 901 358 918 Morin‚
374 900 408 917 suh
419 904 498 923 exspect,
511 900 618 923 prehendet]

257 934 348 951 Grimerio
359 934 456 950 Bonifacii‘
467 934 489 951 de
501 934 621 957 Rothomago,
632 934 719 956 magistro
730 934 750 951 in
760 933 836 955 artibus,
848 934 915 951 nuncio
927 940 960 956 pro
971 934 1047 950 nacione
1058 934 1146 950 Norman-

212 973 284 988 norum,
293 967 324 989 qui
334 972 367 990 per
378 967 433 990 longa
446 970 526 990 tempora
539 967 585 984 rexit
596 967 676 984 Parisius
687 967 705 984 in
717 967 781 984 artium
792 967 882 988 facultate,
894 967 952 984 libros
962 966 1050 990 logicales
1064 970 1081 983 et.
1094 970 1145 983 natu-

210 1000 264 1021 rales„
279 1000 362 1017 cursorie
376 1003 394 1016 et
408 1000 507 1021 ordinarie,
519 1003 547 1017 ter
560 1000 627 1017 librum
639 1000 751 1022 phisicorum
764 1003 783 1017 et
794 999 822 1017 his
836 1000 902 1017 librum
915 1000 1046 1023 methaphisice
1059 1000 1144 1022 legendo,

210 1033 325 1056 postmodum
341 1039 374 1056 per
387 1039 424 1050 non
443 1033 513 1050 modica
532 1037 612 1056 tempora
630 1033 700 1050 studuit
714 1033 732 1050 in
747 1033 849 1056 theologica
863 1033 954 1054 facultate,
970 1033 1060 1056 quondam
1078 1033 1145 1050 rectori

210 1066 339 1084 Universitatis
353 1066 435 1089 predicte
449 1066 530 1089 aliasque
545 1066 612 1083 nuncio
628 1066 649 1083 ad
663 1066 776 1083 sanctitatem
788 1066 847 1083 felicis
857 1066 990 1083 reeordationis
1003 1066 1071 1083 domini
1086 1068 1145 1084 Bene-

210 1099 254 1116 dicti
263 1105 309 1123 pape
319 1099 457 1122 predecessoris
470 1099 526 1117 vestri
539 1105 561 1116 ex
573 1103 623 1122 parte
635 1099 718 1122 ejusdem
731 1099 858 1116 Universitatis
872 1099 978 1121 destinatffl„
988 1100 1039 1122 qnod
1052 1105 1093 1117 cum
1104 1100 1144 1123 ipse

209 1133 229 1149 in
241 1133 301 1150 rotulo
315 1132 469 1155 supplicationum
484 1132 532 1149 dicte
546 1133 676 1150 Universitatis
691 1132 744 1150 vobis
756 1138 788 1155 per
803 1132 861 1155 ipsius
876 1132 953 1149 nuncios
968 1136 1111 1156 presenmtarum
1126 1133 1145 1150 iu

210 1166 299 1189 principio
319 1169 380 1183 vestre
400 1165 498 1183 creationis
516 1166 631 1182 sanctissime
648 1165 775 1188 infrascriptus
795 1171 828 1188 pro
850 1166 909 1188 gratia
930 1165 1029 1182 obtinenda
1048 1165 1144 1187 extitisset,

210 1199 277 1216 nullam
291 1203 350 1216 tamen
366 1199 442 1222 gratiam
458 1199 477 1216 in
494 1199 542 1216 dicto
560 1199 620 1216 rotulo
636 1199 734 1222 reportavit
754 1199 850 1216 occasione
868 1199 925 1222 gratie
943 1198 966 1216 de
984 1198 1090 1216 canonicatu
1109 1198 1143 1216 sub

210 1233 336 1255 expectatione
351 1232 444 1255 prebende
459 1232 537 1249 ecclesie
554 1232 712 1249 Autisiodorensis
727 1238 736 1249 a
753 1232 847 1249 sanctitate
863 1235 922 1249 vestra
940 1237 1029 1249 concesse
1044 1232 1142 1252 antedicto.

210 1269 305 1288 antequam
321 1265 463 1288 supplicationes
483 1265 526 1282 dicti
541 1265 595 1282 rotuli
612 1266 738 1288 signarentun
754 1265 836 1288 ejusdem
850 1268 910 1282 tamen
926 1265 983 1288 gratia
1003 1265 1054 1288 quasi
1072 1265 1143 1282 inutilis

210 1302 303 1321 reputatur
313 1305 354 1315 eum
368 1299 405 1315 sint
415 1299 477 1322 plures
491 1299 553 1316 decern
567 1299 589 1316 ad
604 1299 661 1316 dictas
673 1298 776 1321 prehendas
790 1302 906 1321 expectantes
920 1298 991 1321 priores
1006 1298 1105 1321 sepedicto,
1120 1299 1142 1315 de

210 1331 299 1348 beneficio
315 1332 439 1348 ecclesiastico
453 1332 468 1348 si
486 1338 526 1348 cum
544 1338 586 1348 cura
603 1332 626 1349 ad
642 1335 701 1348 taxum
718 1338 727 1348 c
740 1331 834 1352 librarum,
852 1332 868 1348 si
884 1332 924 1348 sine
940 1331 995 1348 fuerit
1008 1332 1030 1348 ad
1048 1335 1108 1348 taxum
1124 1332 1142 1348 lx

210 1364 296 1382 librarum
312 1365 438 1382 turonensium
449 1370 552 1387 parvorum⁴
565 1365 642 1388 [Recipit
652 1365 673 1382 ad
684 1370 772 1382 suminam
782 1365 803 1382 80
813 1371 853 1382 cum
864 1370 913 1386 cura,
924 1365 945 1382 50
954 1365 995 1382 sine
1004 1366 1060 1386 cural]

255 1398 359 1416 Christiano
370 1398 393 1415 de
405 1398 461 1418 Elem,
475 1398 562 1420 magistro
574 1398 593 1414 in
608 1398 684 1418 artibus,
699 1398 721 1415 ad
735 1398 792 1421 pedes
807 1398 907 1415 sanctitatis
920 1401 981 1415 vestre
996 1398 1018 1415 ad
1031 1404 1107 1421 presens
1122 1403 1142 1415 ac

210 1431 265 1448 alias’
279 1431 301 1448 ad
312 1431 371 1448 felicis
383 1431 515 1448 recordatiouis
527 1431 621 1448 dominum
633 1431 751 1448 Benedictum
763 1437 825 1454 papam
840 1432 991 1455 predecessorem
1002 1435 1082 1449 vestrum
1095 1437 1142 1448 anno

210 1464 269 1487 primo
284 1464 313 1481 sui
327 1464 443 1487 pontificatus
458 1470 480 1481 ex
493 1467 543 1487 parte
561 1464 608 1481 dicte
623 1464 751 1482 Universitatis
768 1464 877 1482 Parisiensis
893 1465 983 1482 destinato
998 1465 1028 1487 qui
1043 1464 1096 1481 etiam
1110 1469 1143 1487 per

271 1494 288 1504 u
297 1493 345 1506 ohan.
357 1493 395 1506 Univ.
404 1493 451 1506 Paris.
459 1493 477 1507 Π,
485 1493 497 1505 1.
1067 1493 1080 1504 71
