1308 1835
159 209 192 226 324
450 215 610 227 cunnruzmuvu
626 215 722 227 umvssns.
740 215 805 227 rmus.
1045 209 1094 227 [1329

204 252 293 269 Volumus
307 257 380 275 quoque
395 255 509 274 receptorem
523 251 541 268 in
556 251 743 274 recompensationem
758 246 788 268 sui
800 252 868 269 laboris
881 252 898 268 xl
912 251 983 268 solidos
996 251 1092 274 parisiens.

160 286 261 308 percipere,
272 290 318 307 quos
329 285 347 301 iu
358 291 392 302 sno
402 288 487 308 compoto
497 284 599 302 defalcabit.

204 319 255 336 Item,
266 318 363 335 statuimus
378 318 427 341 quod
444 323 508 335 omnes
523 317 613 341 magistri,
627 317 649 334 ad
664 323 772 340 quecunque
783 317 840 335 officia
856 317 893 335 sint
901 317 961 337 electi,
972 318 1035 340 jurent
1045 317 1093 340 quod

159 350 234 367 stabunt
245 351 264 367 in
276 350 336 368 officio
350 357 384 368 suo
399 356 458 373 usque
472 350 494 367 ad
509 354 581 373 tempus
594 350 688 373 prefixum,
704 350 740 368 nisi
753 357 807 368 causa
822 350 901 374 legitima
916 350 1055 371 interveniente,
1072 350 1094 367 de

159 389 194 407 qua
207 384 317 401 tenebuntur
330 384 442 401 sufficienter
454 383 554 401 certificare
566 384 664 405 nationem,
678 387 696 401 et
708 384 757 407 quod
770 384 843 401 omnino
857 383 896 401 sine
906 383 969 401 fraude
980 387 998 400 et
1008 383 1050 400 dolo
1060 389 1094 407 pro

159 417 245 434 omuibus
255 421 273 434 et
282 417 301 434 in
311 417 397 434 omnihus
407 417 430 434 ad
440 423 472 434 sua
483 417 540 435 officia
551 417 686 441 pertinentibus
696 418 718 435 ad
728 418 816 435 honorem
827 421 845 434 et
855 417 949 434 utilitatem
959 416 1039 434 nationis
1049 416 1094 434 fide-

159 450 201 468 liter
211 450 325 468 laborabunt.

204 484 294 501 Volumus
308 484 361 501 etiam
376 487 489 508 receptorem
503 485 572 507 jurare,
588 484 638 506 quod
652 484 675 501 de
688 483 765 506 pecunia
777 484 845 500 nationi
858 484 919 501 debita
928 484 974 500 nihil
985 483 1045 504 cedet3
1061 484 1093 500 sed

159 523 193 534 nec
204 517 323 540 fidejussores
334 521 364 535 aut
372 517 426 534 vadia
435 517 519 540 recipiet3
533 516 619 539 quodque
629 520 672 539 post
681 520 784 539 compotum
796 522 848 533 suum
858 516 904 533 intra
915 520 955 534 octo
965 517 1005 534 dies
1015 520 1050 533 tarn
1060 522 1094 539 pro

160 550 215 567 scolis
226 556 278 573 quain
291 556 324 573 pro
336 550 377 567 aliis
390 550 457 567 debitis
468 550 549 566 nationis
561 549 660 566 satisfaciet
669 549 795 572 {creditoribus
804 550 905 567 secundum
916 555 1004 566 summam
1016 550 1094 572 pecunie

160 583 179 600 in
191 589 227 606 qua
241 583 310 600 nationi
325 583 434 600 remanserit
452 582 550 606 obligatus
567 582 657 600 Volumus
672 583 747 605 insuper
762 582 810 605 quod
826 583 844 599 in
859 583 906 599 exitu
925 583 954 600 sui
969 582 1022 599 officii
1039 586 1093 599 totam

159 616 261 639 pecuniam,
272 619 303 633 aut
311 615 345 633 alia
359 622 473 639 quecunque„
485 616 504 633 in
516 616 583 639 quibus
594 616 665 633 nationi
675 615 772 637 tenebitur,
784 616 847 633 reddat
857 616 960 633 successori
971 616 989 632 in
1002 616 1094 639 presentia

159 650 244 667 nationis.

204 684 254 704 Item.
271 683 382 704 inhibemus,
398 689 420 700 ne
435 683 567 700 examinatores
582 683 741 700 delei-minantium
753 682 849 706 pauciores
859 688 911 706 quam
922 686 1000 706 quatuor
1010 682 1092 703 veltres,

160 720 217 733 ratum
228 716 305 733 habente
315 720 387 739 quarto,
398 722 451 733 suum
461 716 600 733 examinationis
610 716 689 733 officium
699 716 771 733 valeant
780 722 871 733 exerceret

204 750 254 770 Itemv
270 750 367 766 statuimus
381 750 430 772 quod
448 749 526 772 quilibet
540 753 647 772 procurator
662 749 680 766 in
696 755 728 766 sun
741 750 857 766 institutione
874 755 926 766 unam
945 750 1021 766 clavium
1040 749 1093 766 arche

159 783 238 800 nationis
253 783 341 804 retinens,
359 783 402 800 alias
417 783 461 800 duas
479 783 552 800 duobus
568 783 660 806 magistris
677 783 752 800 aliarum
768 783 874 800 dioceseuiu
887 783 990 804 distribuat,
1005 783 1093 800 addentes

159 816 208 839 quod
222 822 264 833 cuin
278 816 381 839 oportuerit
397 822 505 839 quacunque
520 816 543 833 de
560 822 614 833 causa
630 816 702 833 archani
719 816 797 839 aperire,
812 816 856 833 dieti
872 816 955 839 magistri
972 816 1093 839 personaliter

158 850 266 870 intererunt,
281 849 317 866 nisi
331 849 413 872 legitime
429 849 519 872 impediti.
537 849 577 871 Quo
591 855 635 866 casu
648 849 690 866 aliis
704 849 797 872 magistris
814 852 900 872 poterunt
916 849 1029 866 committere
1043 849 1093 866 vices

159 888 208 903 suas,
221 882 252 905 qui
264 888 298 899 nec
310 882 419 905 sigillahunt
430 882 509 906 aliquam
521 882 599 899 litterum
611 883 647 899 nisi
660 883 711 905 prius
723 883 787 899 lectam
799 882 819 899 in
831 883 911 903 natione,
922 888 955 899 nec
965 882 1033 905 aliquid
1044 882 1093 899 aliud

159 915 199 933 fieri
209 916 320 938 permittent,
331 915 379 938 quod
391 916 442 938 prius
453 922 489 932 non
500 916 555 932 suerit
564 921 597 939 per
607 916 698 933 nationem
709 916 819 933 ordinatum.

204 949 255 970 item,
270 955 292 966 ne
305 949 354 966 natio
368 952 429 966 nostra
443 949 462 965 in
476 949 532 966 scolis
545 953 563 966 et
572 949 612 966 aliis
626 950 720 972 penuriam
734 949 818 972 patiatur,
828 949 924 966 statuimus
937 949 987 972 quod
999 955 1032 972 pro
1042 949 1093 966 nullo

159 981 209 999 scole
224 982 318 999 solvantur
331 987 364 1004 pei·
377 982 476 1002 nationem,
490 982 525 999 nisi
539 982 625 999 continue
638 985 657 999 et
668 982 750 1005 legitime
762 988 829 1005 regens
842 982 896 999 suerit
908 988 917 999 a
929 982 1019 1005 principio
1033 982 1093 1005 magni

160 1015 256 1032 ordinarii⁸
269 1021 328 1038 usque
341 1015 364 1032 ad
377 1015 517 1038 carnisprivium
530 1015 552 1032 ad
565 1015 633 1037 minus,
645 1015 675 1033 vel
687 1015 732 1032 alter
743 1015 784 1033 loco
795 1015 830 1037 suiv
841 1019 859 1032 et
871 1015 936 1032 habeat
945 1015 1026 1032 scolares
1036 1015 1094 1032 conti-

159 1054 206 1066 nuos
221 1052 239 1066 et
253 1048 275 1066 ad
290 1048 422 1071 proficiendum
436 1048 514 1070 habiles,
528 1054 584 1071 super
601 1048 668 1071 quihus
684 1049 796 1066 credendum
809 1049 844 1066 erit
855 1048 970 1066 hedellorum
977 1048 1093 1072 juramentis=

159 1082 212 1099 etiarn
225 1082 261 1099 nisi
272 1081 332 1099 scolas
344 1085 386 1099 ante
396 1082 507 1105 principium
517 1082 561 1099 dicti
573 1082 634 1105 magui
644 1082 732 1099 ordinarii
745 1082 848 1103 retinuerit,
860 1085 879 1099 et
891 1082 1011 1104 fidejussores
1020 1075 1095 1104 eompess

160 1119 219 1132 tentes
229 1115 301 1132 dederit
310 1115 424 1138 procuratori
434 1115 520 1132 nationis.

204 1149 293 1165 Volumus
306 1149 383 1172 insuper
398 1148 447 1171 quod
461 1152 569 1171 procurator
583 1149 602 1165 in
616 1154 684 1171 papyro
699 1148 778 1165 nationis
795 1148 854 1165 dictos
868 1148 973 1171 magistros,
988 1148 1019 1171 qui
1034 1147 1094 1165 scolas

160 1182 208 1199 dicto
219 1182 272 1199 modo
283 1182 398 1202 retinuerintv
410 1188 450 1198 curn
461 1187 524 1198 eorum
535 1181 676 1204 fidejussoribus
687 1185 769 1198 teneatur
780 1181 884 1204 registrare.

205 1215 286 1232 Dicimus
299 1221 372 1238 quoque
386 1215 447 1232 scolas
456 1221 466 1232 a
478 1215 551 1232 natione
565 1215 663 1232 solvendas
676 1214 717 1231 illus
730 1215 796 1235 solum,
810 1220 845 1237 que
858 1214 877 1231 in
886 1215 927 1231 vico
938 1214 1053 1236 straminum,
1065 1215 1093 1232 vel

161 1254 217 1271 prope
227 1249 295 1266 suerint
303 1249 369 1265 situate
383 1251 400 1265 et
412 1248 434 1265 ad
447 1248 509 1265 nullos
521 1248 567 1265 alios
579 1254 625 1265 usus
637 1251 753 1270 prete-*quam
762 1248 786 1264 ad
794 1251 852 1264 aetum
865 1248 940 1271 legendi
949 1248 978 1265 vel
989 1248 1094 1271 disputandi

161 1281 251 1304 deputate⁴
638 1304 645 1309 .

182 1315 234 1336 ltein„
250 1315 346 1332 statuimus
360 1315 409 1338 quod
424 1321 457 1332 nec
473 1314 521 1331 natio
536 1320 570 1331 nec
587 1314 691 1337 supposita¹¹
709 1314 792 1338 ejusdem
808 1314 880 1337 possint
893 1314 963 1337 aliquid
980 1314 1002 1331 de
1016 1315 1093 1337 pecunia

160 1348 238 1365 nationis
253 1351 283 1365 aut
296 1348 319 1365 de
332 1348 372 1366 aliis
386 1348 514 1365 communibus
528 1347 642 1369 subtrahere,
653 1347 738 1369 alienare,
749 1351 780 1365 aut
792 1353 866 1371 quoquo
879 1348 933 1365 modo
945 1347 990 1372 alias
1002 1348 1094 1370 ordinare⁷

161 1382 196 1399 nisi
206 1382 286 1405 predicta
297 1382 370 1398 natione
381 1382 494 1399 sufficienter
500 1385 563 1398 vocata
573 1382 595 1398 ad
606 1381 640 1398 hoc
650 1382 753 1398 faciendum
763 1382 867 1404 specialiter
877 1385 894 1398 et
904 1387 998 1404 expresse,
1006 1382 1094 1399 addentes

161 1415 209 1437 quod
216 1421 250 1432 nec
257 1415 279 1432 de
285 1415 390 1437 hujusmodi
398 1415 476 1437 pecunia
483 1415 512 1431 vel
520 1415 561 1432 aliis
569 1415 698 1432 communibus
705 1415 725 1431 in
732 1418 815 1438 tempore
822 1415 936 1432 vacationum
943 1415 1045 1432 estivaliuni
1052 1415 1094 1437 (nisi

161 1454 226 1471 magna
238 1451 257 1465 et
270 1448 347 1465 evidens
360 1451 424 1470 urgeat
439 1448 546 1469 necessims‚
558 1454 593 1471 que
605 1451 647 1471 post
662 1448 765 1465 vacationes
780 1453 813 1471 per
825 1448 917 1465 nationem
929 1448 951 1465 ad
966 1448 1001 1465 hoc
1013 1451 1093 1465 vocatam

161 1481 190 1498 vel
200 1481 239 1504 ejus
249 1482 335 1504 majorem
347 1484 414 1504 partem
425 1480 542 1503 approbetur)
550 1481 616 1504 aliquis
626 1481 655 1498 vel
665 1481 721 1504 aliqui
728 1481 793 1498 audeat
802 1481 831 1498 vel
839 1481 916 1498 audeant
924 1481 993 1504 aliquid
1003 1481 1094 1498 ordinare.
