1308 1835
153 208 185 225 478
443 214 601 225 CHARTULARNJM
618 214 714 225 UMVERS.
731 214 795 225 einis.
1038 209 1089 228 [1338

153 251 259 268 ordinamus
268 251 319 274 quod
328 251 390 268 nulius
401 250 545 274 deinceps‘mitti
555 251 613 273 possit
624 250 663 267 sive
672 256 682 267 a
692 251 785 273 provincia
798 251 837 268 sive
847 257 855 268 a
869 255 918 274 patre
932 255 995 269 nostro
1007 252 1089 275 generali

153 284 176 301 ad
185 284 260 307 aliquod
270 284 351 301 studium
361 284 454 307 generale,
465 284 501 301 nisi
511 284 563 307 prius
573 284 643 300 steterit
653 284 671 300 in
680 284 740 301 studio
750 284 854 306 provinciali
862 284 921 301 tribus
930 284 982 302 annis
990 285 1089 306 continuis,

154 321 172 334 et
181 317 200 333 in
215 323 236 333 eo
247 317 310 333 salte'm
326 317 345 334 in
358 317 418 340 logica
435 317 534 340 profecerit
547 320 676 340 competenter.
693 317 715 334 Et
729 320 749 334 ut
763 323 839 340 presens
853 317 943 334 ordinatio
957 317 1090 340 congruentius

153 350 211 367 valeat
221 350 322 371 observariv
332 350 418 367 volumus
428 350 478 373 quod
487 350 570 373 quelibet
578 351 672 373 provincia
682 350 739 368 nostri
750 350 825 368 Ordinis
836 350 898 367 saltem
909 356 964 367 unum
977 350 1090 373 provinciale

153 383 233 400 studium
254 381 320 404 teneat,
334 383 353 400 in
366 389 402 406 qun
417 389 466 400 unus
480 383 539 400 lector
553 383 645 400 sufficiens
661 389 694 406 per
704 383 816 406 provinciale
825 383 928 406 Capitulum
939 383 1042 406 deputetur,
1059 383 1090 406 qui

154 416 201 433 bene
211 416 305 433 continuet
316 416 405 434 lectiones
416 420 433 434 et
444 420 479 434 stet
488 423 520 440 per
531 417 628 434 triennium
639 417 658 433 in
668 416 732 434 eodem
743 417 811 436 studio,
821 417 868 434 infra
876 416 925 440 quod
933 416 1031 434 triennium
1041 416 1090 433 idern

153 449 211 467 lector
224 453 309 467 tractatus
324 456 363 467 cuin
380 453 416 467 tota
430 450 497 473 logica,
509 456 554 467 nova
567 456 607 467 cum
621 450 685 471 veteri,
696 450 776 473 legendo
786 449 875 473 perficere
887 453 976 467 teneatur.
993 449 1090 467 studentes

153 483 207 500 etiam
218 483 249 506 qui
259 483 281 500 ad
292 483 359 500 dictum
370 484 449 500 studium
460 490 493 507 per
503 484 633 507 provincialem
642 483 712 500 fuerint
722 483 806 504 ordinati,
817 483 836 500 in
846 483 909 500 eodem
920 483 981 500 studio
992 489 1025 506 per
1034 483 1091 500 trien-

153 517 204 533 niuni
216 518 342 539 persei-erent.
354 517 401 533 Infra
416 517 464 539 quod
475 517 528 534 etiam
543 517 648 537 triennium,
660 517 675 533 si
686 517 732 533 forte
747 516 816 533 dictum
830 516 916 533 lectorem
930 522 952 533 ex
965 522 1017 533 causa
1033 516 1091 533 eonti-

152 550 202 572 gerit
210 550 291 567 amoveri
301 550 340 567 sive
351 550 394 567 alias
405 549 496 572 impediri,
509 556 549 566 mox
560 549 680 566 substituatur
690 550 736 566 alius
747 550 778 572 qui
788 549 861 572 incipiat
871 549 933 572 legere
943 549 975 566 ubi
982 549 1030 566 alius
1037 549 1091 566 dirni—

153 583 182 599 sit.
195 583 218 600 Ut
229 586 288 600 autem
298 583 406 606 hujusmodi
419 583 478 599 lector
486 583 551 600 habeat
566 583 658 599 materiam
673 582 746 600 fidelius
759 582 859 603 laborandi,
876 582 951 599 eandem
966 582 1089 605 provisionem

152 616 230 639 accipiat
238 622 292 639 quam
302 616 393 639 accipiunt
404 616 484 633 lectores
494 616 512 633 in
523 616 583 633 studio
599 616 687 639 generali,
697 617 750 639 cujus
760 616 875 633 medietatem
889 615 947 632 solvat
960 616 1059 638 provincia,
1073 619 1092 632 et

153 650 205 666 aliam
216 649 331 666 medietatem
342 653 450 669 conventus,
460 655 483 666 ne
494 649 553 666 dictus
562 652 663 666 com-entus
670 649 745 666 nimium
755 652 879 672 pregravetur.
888 649 907 666 Si
914 655 957 666 vero
966 649 1026 666 dictus
1033 649 1091 666 lector

153 683 249 703 lectiones,
261 685 280 699 ut
293 682 360 699 dictum
378 686 412 702 est„
423 688 459 699 non
471 682 609 701 continuaverit,
621 686 678 700 taxata
693 683 797 706 provisione
813 683 837 700 sit
849 683 937 706 privatus,
951 685 968 699 et
983 682 1005 699 ad
1019 682 1090 700 restitu-

153 717 221 733 tionem
232 715 359 739 perceptorum
371 719 459 737 teneatur,
472 719 488 733 et
500 722 520 733 eo
531 719 590 733 amoto
601 716 642 733 loco
653 716 681 733 sui
692 716 738 733 alius
749 716 806 733 lector
816 716 942 733 substituatur.

199 750 249 769 ltern,
261 755 284 766 ne
294 750 332 766 loca
345 750 447 766 studiorum
457 750 570 772 generalium
581 756 590 766 a
601 749 719 766 studentibus
729 749 867 773 negligentibus
875 749 964 766 inutiliter
971 753 1090 772 occupentur,

154 783 234 806 presenti
247 783 357 800 diffinitione
366 783 455 800 adicimus
468 783 517 806 quod
528 783 590 800 nullus
602 783 678 799 studens
689 783 748 806 possit
758 786 805 800 stare
816 783 834 799 in
846 783 907 800 studio
916 783 999 806 generali
1012 789 1050 800 uno
1062 783 1091 800 vel

153 816 233 838 diversis
249 816 296 833 ultra
311 816 464 839 quinquennium,
485 816 517 833 sed
533 816 623 839 completo
638 816 763 839 quinquennio
778 816 853 833 studens
871 816 893 833 ad
911 822 961 833 suam
978 816 1090 839 provinciam

154 853 261 870 revertatur,
273 853 292 866 et
302 850 318 866 si
329 849 433 866 inveniatur
445 850 528 872 ydoneus
542 853 560 866 et
575 855 607 866 sue
623 849 716 872 provincie
730 849 819 870 videatur,
831 849 891 872 ipsum
906 850 991 872 Parysius
1005 849 1090 867 determi-

154 883 239 900 nandum.
253 883 290 899 Nec
301 883 400 900 diffiniatur
412 883 434 899 ad
446 883 526 900 eundum
544 883 630 906 Parysius
639 883 659 899 in
668 883 754 905 expensis
769 883 868 905 provincie,
883 889 917 900 nec
932 883 984 900 etiam
1000 883 1054 900 vadat
1068 883 1091 900 de

153 916 211 939 gratia
222 916 277 939 patris
289 916 347 933 nostri
357 916 456 939 generalis,
469 916 505 933 nisi
515 916 567 939 prius
578 916 597 933 in
608 916 669 938 aliquo
680 916 740 933 studio
752 916 787 933 sibi
797 922 829 939 per
843 922 893 933 suam
910 916 1021 939 provinciam
1036 916 1091 939 depu-

154 952 191 966 tato
206 949 272 972 legerit
289 955 345 966 unum
362 949 429 966 librum
444 949 462 966 in
476 949 536 972 logica
551 952 570 966 et
583 955 638 966 unum
654 949 672 965 in
687 949 807 971 philosophia.
822 950 845 966 Et
857 949 874 966 si
887 952 949 966 contra
965 952 1090 972 presumptum

153 982 214 1002 fuerit,
227 982 335 999 diffinitores
347 982 372 999 illi
384 988 429 999 voce
441 986 513 999 careant
524 988 556 1006 per
567 982 671 1002 triennium,
681 986 699 999 et
710 982 751 999 (alis
761 982 844 999 diffinitio
855 982 924 999 nullius
936 983 960 999 sit
972 982 1044 999 roboris
1062 982 1092 999 vel

155 1016 248 1033 momenti.
260 1016 294 1032 Per
305 1015 407 1038 predictum
419 1019 478 1032 autem
489 1021 562 1033 cursum
573 1021 610 1032 non
622 1016 644 1033 sit
656 1016 789 1038 consequencia
801 1016 910 1033 necessaria⁴
922 1016 963 1033 Non
976 1016 1025 1033 enim
1037 1016 1091 1033 indu-

154 1055 197 1066 cere
205 1049 318 1066 intendimus
328 1049 379 1072 quod
390 1054 412 1065 ex
422 1048 456 1065 hoc
468 1049 527 1066 statim
536 1050 567 1072 jus
577 1049 612 1066 sihi
624 1049 704 1066 vindicet
716 1052 734 1066 ut
745 1049 829 1072 Parysius
841 1049 948 1070 destinetur,
964 1049 996 1071 sed
1009 1049 1029 1066 in
1042 1052 1091 1072 pote-

155 1086 200 1099 state
210 1088 243 1099 sue
255 1082 349 1105 provincie
360 1082 384 1099 sit
394 1082 417 1099 de
428 1082 469 1105 ipso
480 1086 535 1105 prout
544 1082 580 1099 sibi
590 1082 682 1099 videbitur
693 1082 795 1105 providere.
809 1082 826 1099 Si
835 1088 878 1099 vero
889 1082 978 1105 completo
991 1082 1091 1105 quinquen-

155 1116 185 1133 nio
197 1116 277 1139 prefatus
289 1116 366 1132 studens
376 1115 442 1138 aliquis
453 1116 554 1138 reperiatur
565 1119 600 1133 tam
610 1116 701 1133 modicum
717 1116 817 1138 profecisse
831 1119 852 1133 ut
866 1116 887 1132 ad
902 1116 1023 1139 recipiendam
1034 1116 1091 1132 licen-

155 1149 198 1166 tiam
208 1149 284 1166 lenton-ie
294 1152 325 1166 aut
335 1149 358 1165 ad
368 1149 449 1166 eundum
458 1149 544 1171 Parysius
554 1149 577 1166 sit
587 1149 647 1166 minus
658 1149 747 1172 ydoneus„
759 1149 832 1165 rediens
843 1149 865 1165 ad
873 1155 922 1166 suam
931 1149 1041 1172 provinciam
1053 1154 1091 1165 ser-

155 1182 192 1199 viat
201 1183 239 1199 Deo
250 1182 268 1199 in
279 1182 345 1205 spiritu
356 1182 469 1199 humilitatis.

200 1216 251 1237 Item„
262 1215 385 1239 approbamus
395 1219 414 1232 et
426 1215 555 1232 confirmamus
567 1216 693 1232 diffinitionem
710 1216 773 1232 facturn
789 1215 808 1231 in
820 1215 904 1238 Capitulo
914 1215 1005 1232 Florentie
1016 1221 1052 1238 que
1064 1215 1090 1232 sie

156 1248 212 1265 dicit:
228 1256 235 1265 ι(
277 1249 340 1266 nullus
352 1252 480 1272 promoveatur
487 1249 510 1265 ad
521 1249 600 1265 officium
609 1248 685 1265 lectorie
697 1256 712 1269 n,
723 1248 764 1265 etc.¹

201 1282 253 1300 item.
265 1282 307 1304 quia
318 1288 340 1299 ex
350 1282 466 1299 multitudine
478 1282 566 1307 lectorum
576 1285 676 1298 conventus
689 1281 745 1304 aliqui
756 1285 891 1304 pregravantur,
905 1282 1004 1299 diffinimus
1014 1285 1032 1299 et
1041 1282 1091 1298 ordi-

156 1320 220 1331 namus
230 1314 279 1337 quod
291 1315 309 1331 in
320 1315 370 1332 nullo
381 1318 479 1336 conventu=
489 1315 521 1332 ubi
532 1320 568 1332 non
578 1314 606 1332 e'st
614 1315 694 1332 studium
705 1315 790 1338 generale
798 1318 829 1331 aut
839 1315 887 1332 aliud
898 1315 977 1332 studium
989 1315 1090 1338 solempne,

156 1351 203 1365 stare
211 1347 291 1365 debeant
298 1348 360 1370 plures
368 1348 447 1366 lectores
454 1352 494 1366 actu
503 1348 586 1372 legentes
594 1354 646 1371 quarn
654 1354 710 1370 unus3
720 1348 750 1365 alii
758 1348 836 1365 lectores
844 1352 927 1366 vacantes
936 1348 954 1365 in
962 1348 1047 1365 omnibus
1055 1351 1090 1365 tam

156 1382 174 1398 in
182 1382 253 1404 questis
263 1381 313 1398 bladi
324 1385 343 1398 et
353 1382 389 1398 vini
400 1388 452 1405 quain
465 1382 484 1399 in
494 1382 535 1399 aliis
543 1382 593 1399 intus
601 1385 619 1399 et
629 1385 678 1399 extra
689 1382 735 1399 sieut
745 1382 810 1399 fratres
820 1382 877 1399 ceteri
887 1382 910 1399 de
920 1385 1010 1399 conventu
1018 1382 1090 1399 vadant.

156 1416 181 1432 Ita
193 1415 245 1432 etiam
258 1421 291 1432 nec
300 1421 346 1432 voce
357 1421 390 1432 nee
400 1415 469 1438 sei-ipio
479 1421 500 1432 se
510 1416 588 1433 lectores
598 1416 664 1432 faciant
672 1415 766 1438 appellari,
775 1415 812 1433 illis
820 1416 906 1432 duntaxat
912 1415 993 1438 exeeptis
1001 1415 1032 1438 qui
1039 1418 1091 1432 actus

156 1454 200 1466 suos
210 1448 318 1466 scolasticos
329 1448 445 1465 laudabiliter
455 1449 572 1465 exercuerint
580 1449 603 1465 nd
613 1449 673 1466 minus
686 1454 718 1471 per
728 1449 763 1466 duo
774 1449 851 1466 triennia
862 1449 881 1465 in
891 1449 952 1466 studio
962 1448 1050 1471 general-i,
1061 1448 1090 1465 vel

157 1488 193 1499 uno
204 1482 283 1499 triennio
294 1482 313 1499 in
324 1482 385 1499 studio
395 1482 504 1505 provinciali
514 1485 533 1498 et
542 1482 577 1498 alio
588 1482 618 1503 [in]
626 1482 714 1505 generali.
723 1482 773 1503 Quos
782 1482 835 1499 etiarn
843 1482 927 1502 lectores,
938 1482 1007 1499 honore
1016 1482 1089 1504 quidem
