1308 1835
213 212 261 231 1³31]
414 220 439 230 ΑΒ
455 219 508 231 anno
525 219 643 231 mcczxxxvx
656 218 726 233 ‘usqua
744 218 768 229 AB
784 217 854 229 amum
872 216 942 229 uocet.
1114 215 1147 232 359

211 255 322 272 constitutus
332 255 423 272 discretus
436 256 464 273 vir
473 256 560 278 magister
569 255 683 278 Reginaldus
692 255 716 272 de
725 255 842 277 Cornemare,
853 255 940 278 magister
950 254 969 272 in
979 255 1075 276 medicina,
1086 256 1147 273 locum

212 292 277 305 tenens
287 288 351 305 decani
360 288 450 305 facultatis
461 289 551 305 medicine
562 288 677 309 Parisiensis,
686 289 717 311 qui
725 291 759 305 tam
768 294 802 305 suo
812 295 865 311 quain
875 288 923 305 dicte
932 288 1023 305 facultatis
1030 288 1121 305 medicine
1128 292 1147 305 et

212 321 247 338 sibi
257 321 383 338 adherentium
394 321 468 338 nomine
478 321 530 344 petiit
539 320 633 344 apostolos
648 327 689 338 curn
703 321 792 338 instancia
807 321 843 339 sibi
852 322 891 339 dari
905 328 915 338 a
925 321 1025 339 venerabili
1035 325 1054 338 et
1066 321 1145 338 discreto

211 354 251 371 viro
260 354 348 377 magistro
357 353 457 371 Guillelmo
468 354 490 371 de
500 353 585 371 Narbona
597 354 705 371 cancellario
718 354 796 371 ecclesie
810 355 918 372 Parisiensis
931 361 991 372 eoram
1003 355 1044 378 ipso
1057 355 1146 371 existente

211 393 267 410 super
281 387 358 410 quadam
374 387 495 410 appellatione
509 393 542 404 seu
557 387 685 410 provocatione
698 393 731 410 per
747 388 815 404 dictum
835 388 894 405 locum
911 391 1003 405 tenentem
1018 388 1081 405 decani
1097 387 1146 404 dicte

211 420 300 437 facultatis
311 421 401 437 medicine
411 420 433 437 ad
443 421 505 437 sedem
516 420 633 443 apostolicam
641 424 703 437 contra
712 420 779 437 dictum
787 421 879 437 dominum
888 421 1016 438 cancellarium
1024 421 1144 438 Parisiensern

211 457 229 471 et
242 457 305 471 contra
318 454 424 477 magistrum
441 453 556 477 Alphonsum
566 453 589 471 de
599 454 703 477 Portugalia
713 453 743 471 die
753 459 800 471 nona
813 454 882 471 mensis
896 454 975 471 Januarii
986 454 1096 477 interjecta'⁸
1111 459 1145 477 que

211 487 316 504 continetur
327 487 347 504 in
360 487 438 510 quodam
451 487 526 511 publico
539 487 661 504 instrumento
674 487 727 510 signo
743 490 760 504 et
776 487 911 510 subscriptione
924 487 959 504 mei
972 487 1067 505 Guillelmi
1080 486 1146 504 notarii

211 520 280 543 publici
290 520 401 544 infrascripti
412 521 483 544 signato
494 521 516 538 de
527 521 573 538 dicta
584 521 613 538 die
623 526 672 538 nona
681 526 737 544 super
746 520 780 537 hoc
789 520 910 537 confecto’..‚.

256 554 322 571 Iterato
338 554 389 571 etiam
404 554 448 571 hora
462 554 594 571 decantationis
607 560 724 577 vesperarum
739 554 756 571 in
769 554 846 571 ecclesia
856 553 962 574 Parisiensi,
972 559 1027 575 anno,
1037 554 1145 575 indictione,

212 587 258 608 die',
266 593 329 604 mense
338 591 355 604 et
362 587 468 611 pontificatu
477 588 541 604 ultimo
552 588 612 609 dictis,
623 588 684 605 dictus
693 588 780 610 magister
788 587 901 610 Reginaldus
910 586 933 604 ad
942 587 1010 604 dictum
1019 587 1146 604 cancellarium

212 620 286 637 rediens
295 626 352 643 super
362 621 409 638 dicta
421 621 542 644 appellatione
557 627 590 638 seu
603 621 733 644 provocatione
748 627 807 638 coram
822 626 850 637 me
865 620 934 637 nbtario
949 619 1023 643 publico
1037 623 1055 637 et
1067 620 1146 637 testibus

212 654 332 676 infrascriptis
346 654 409 677 petiit,⁴
414 657 435 671 ut
447 654 505 677 prius,
515 654 609 677 apostolos
619 654 641 671 ab
652 654 717 671 eodem
726 654 835 671 cancellario
845 653 880 671 sibi
895 653 939 674 dar-i.
950 654 992 677 Ipse
1003 659 1048 671 vero
1060 653 1146 670 dominus

211 687 331 704 cancellarius
341 687 400 703 eidem
410 687 498 710 magistro
507 687 608 710 Reginaldo
619 687 664 704 dixit
674 688 723 710 quod
733 687 833 704 decantatis
842 687 925 710 vesperis
934 687 969 704 iret
978 687 1000 704 ad
1011 687 1084 704 domum
1094 692 1145 704 suam

211 723 229 737 et
238 726 294 743 super
308 720 361 737 dictis
375 720 463 742 apostolis
476 720 536 736 eidem
550 720 677 743 responderet.
692 720 727 742 Qui
742 721 828 743 magister
842 720 955 743 Reginaldus
971 720 995 737 ad
1013 720 1087 737 domum
1102 720 1146 737 dicti

211 753 315 770 cancellarii
324 753 344 770 in
354 753 434 770 claustro
443 753 542 770 Parisiensi
552 753 660 770 existentem
667 753 756 770 accedens
764 759 800 770 una
807 759 877 770 mecum
885 753 956 770 notario
962 753 1036 776 publico
1044 757 1062 770 et
1067 753 1146 770 testibus

212 786 332 809 infrascriptis
343 789 361 803 et
370 786 438 803 ibidem
450 789 547 809 expectans
561 786 645 803 eumdem
654 786 748 803 dominum
761 786 889 803 cancellarium
901 793 960 809 usque
971 787 994 803 ad
1007 786 1069 803 horam
1082 792 1146 810 crepu-

211 820 257 836 sculi
267 820 304 836 diei
314 819 396 842 ejusdem
406 819 436 837 vel
445 825 468 836 eo
477 819 525 836 circa
534 819 613 836 finaliter
622 819 684 842 petitis
693 819 781 842 apostolis
791 825 825 842 per
835 820 902 837 dictum
910 820 1017 843 magistrum
1025 820 1145 843 Reginaldum

211 859 221 869 a
235 853 310 869 domino
325 852 434 869 cancellario
449 855 549 869 memorato
566 858 623 875 super
638 852 759 875 appellatione
777 858 811 869 seu
825 853 954 875 provocatione
967 856 1009 870 ante
1024 853 1078 874 dicta,
1097 853 1145 870 idem

212 886 296 903 dominus
311 886 431 903 cancellarius
445 885 485 903 loco
500 886 625 909 apostolorum
639 886 779 909 responsionem
792 892 843 903 suain
862 886 935 903 tradidit
951 886 969 903 in
987 886 1060 909 scriptis
1076 886 1094 903 in
1112 886 1146 903 hec

211 919 266 937 verba
277 925 281 936 :

257 960 265 969 «
276 953 321 970 Cum
333 953 460 976 appellationis
473 952 573 970 remedium
585 959 623 970 non
635 953 659 970 sit
675 952 697 970 ad
711 952 837 970 defensionem
849 952 958 976 iniquitatis,
973 952 1007 970 sed
1017 953 1039 970 ad
1045 953 1146 976 presidium

211 986 316 1003 innocentie
334 986 443 1007 institutum,
460 989 477 1003 et
494 986 646 1009 appellationibus
659 986 730 1003 frivolis
745 992 778 1003 nec
790 986 865 1009 justicia
878 986 954 1003 defferat
969 992 1003 1003 nec
1021 986 1044 1003 sit
1059 992 1069 1003 a
1083 986 1146 1009 judice

212 1019 338 1040 deferendum,
349 1019 417 1036 idcirco
428 1025 463 1036 nos
472 1019 583 1037 Guillelmus
593 1019 616 1036 de
626 1019 717 1040 Narbona,
725 1019 789 1044 doctor
799 1025 849 1036 sacre
860 1020 932 1042 pagine,
940 1019 1060 1036 cancellarius
1068 1019 1146 1036 ecclesie

212 1052 321 1069 Parisiensis
331 1058 351 1069 ac
362 1052 472 1069 sanctissimi
482 1053 538 1075 patris
549 1053 567 1069 in
577 1052 652 1070 Christo
662 1052 731 1069 domini
741 1052 829 1069 lobannis
839 1052 899 1069 divina
911 1052 1025 1075 providentia
1036 1058 1083 1075 pape
1093 1053 1145 1069 XXII

212 1084 286 1102 humilis
295 1085 407 1108 capellanus,
417 1085 532 1102 attendentes
541 1085 688 1108 appellationem„
698 1085 715 1102 si
722 1086 775 1102 uilem
783 1085 820 1102 dici
828 1085 899 1107 deheat‚
907 1092 961 1108 quam
968 1085 1053 1102 emisisse
1061 1085 1146 1102 dicuntur

212 1118 234 1135 de
248 1119 293 1135 facto
309 1118 397 1141 magister
412 1118 525 1141 Reginaldus
537 1119 561 1135 de
573 1119 691 1139 Cornemara,
705 1119 737 1141 qui
750 1118 829 1140 sedicit
842 1118 961 1135 substitutum
975 1118 1040 1135 decani
1056 1118 1146 1135 facultatis

212 1152 309 1173 medicine,
320 1155 339 1169 et
348 1151 421 1175 quidam
432 1151 463 1169 alii
473 1151 507 1168 suh
518 1151 591 1168 nomine
601 1151 658 1168 totius
667 1152 763 1173 facultatis,
775 1158 815 1168 cum
826 1158 863 1168 non
872 1155 944 1169 constet
954 1151 1008 1168 nobis
1019 1151 1066 1174 quod
1082 1157 1145 1168 omnes

213 1191 246 1202 seu
255 1185 342 1202 meliores
352 1185 375 1202 de
385 1185 432 1202 dicta
441 1185 532 1206 facultate,
543 1188 563 1202 ut
572 1185 645 1206 diciturv
656 1185 777 1206 consentiant,
788 1191 810 1201 ex
820 1185 903 1208 pluribus
912 1185 973 1202 causis
984 1191 1021 1201 non
1029 1185 1069 1201 fore
1082 1185 1146 1202 admit-

213 1219 291 1235 tendam.
302 1218 370 1240 Primo,
380 1218 422 1241 quia
433 1224 473 1235 cum
484 1221 547 1235 essent
556 1218 625 1235 astricti
632 1218 737 1241 juramento
746 1218 809 1235 venire
819 1218 841 1235 ad
852 1218 985 1241 perhibendum
997 1218 1052 1234 fidele
1063 1218 1145 1235 testimo-

213 1251 262 1269 nium
273 1257 329 1274 super
339 1251 447 1268 hachalariis
457 1252 573 1268 licentiandis
583 1252 747 1274 quotienscumque
760 1255 778 1269 et
790 1251 941 1274 quandocumque
955 1257 989 1274 per
999 1257 1028 1268 me
1037 1251 1067 1268 vel
1077 1251 1145 1268 cancel·

212 1285 283 1306 larium,
303 1285 335 1308 qui
353 1291 387 1307 pro
406 1288 487 1307 tempore
506 1285 567 1306 suerit,
589 1285 667 1302 fuissent
686 1285 777 1307 requisiti,
794 1288 814 1301 ut
831 1288 859 1301 est
874 1284 965 1301 notorium
985 1284 1004 1301 in
1024 1284 1146 1301 Universilate

213 1318 317 1339 Parisiensi„
335 1318 371 1341 ipsi
387 1321 446 1335 tamen
464 1324 498 1341 per
513 1323 547 1335 nos
561 1318 673 1335 sufficienter
687 1318 746 1335 vocati
762 1317 784 1334 ad
801 1317 934 1341 perhibendum
951 1318 1005 1334 fidele
1022 1318 1146 1335 testimonium

213 1357 268 1374 super
277 1351 365 1374 magistro
375 1351 470 1374 Alphonso
481 1351 504 1368 de
518 1351 603 1374 Yspania,
616 1355 658 1368 tnnc
674 1351 776 1368 hachalario
790 1354 894 1374 presentato
907 1351 930 1368 ad
944 1351 1035 1368 licentiam
1049 1351 1146 1372 medicine,

213 1385 275 1401 venire
285 1385 417 1401 contumaciter
427 1388 584 1407 contempserunt,
594 1384 694 1407 perjurium
707 1391 744 1402 non
756 1387 784 1402 est
798 1385 873 1401 dubium
883 1385 1001 1402 incurrentia
1016 1385 1059 1401 Item
1072 1388 1090 1401 et
1105 1385 1146 1408 quia

213 1423 235 1434 ex
246 1418 306 1435 causis
315 1418 411 1434 manifeste
420 1418 492 1435 frivolis
504 1421 572 1434 temere
585 1421 602 1434 et
613 1418 635 1434 de
646 1418 691 1435 sacto
702 1418 748 1434 dicta
761 1418 858 1440 appellatio
870 1421 899 1435 est
910 1418 986 1439 emissa3
999 1421 1017 1435 et
1028 1424 1051 1435 ex
1061 1417 1146 1441 pluribus

213 1450 254 1467 aliis
261 1451 321 1467 causis
330 1457 367 1467 non
375 1451 474 1467 deserimus
482 1456 516 1467 nec
525 1450 609 1467 duximus
617 1450 666 1467 salva
674 1450 734 1467 debita
743 1451 842 1468 reverentia
851 1451 901 1468 sedis
911 1451 1012 1474 apostolice
1020 1451 1145 1472 deserendum,

213 1483 242 1500 hic
253 1484 280 1500 eis
290 1483 331 1500 loco
344 1483 467 1506 apostolorum
480 1484 595 1507 assignantes
609 1484 624 1500 si
636 1483 678 1500 loco
688 1487 706 1501 et
717 1487 799 1506 tempore
810 1483 846 1500 sibi
861 1483 913 1500 aliter
925 1484 1023 1506 assignatis
1035 1484 1146 1501 sufficienter

275 1513 290 1522 ’⁸
300 1513 348 1525 Char&
359 1512 400 1525 Unfv-
407 1512 454 1525 Pun't.
464 1513 480 1527 ΙΙ,
489 1513 501 1525 li
1064 1512 1085 1525 ,ΕῚ
