1308 1835
166 207 199 224 134
455 215 616 227 cuAM-ummiux
632 215 728 226 umvzns.
747 215 811 226 rmus⁴
1051 208 1101 227 [1308

211 251 256 267 ltem
270 250 370 268 diffinimus
381 251 431 273 quod
444 251 526 274 quelibet
537 251 631 274 provincia
644 251 720 268 Ordinis
731 251 797 268 debeat
810 251 848 268 suis
861 251 953 274 magistris
965 254 983 268 et
993 251 1100 268 bachelariis

166 284 306 307 Parysiensibus
316 284 405 307 equaliter
415 284 518 306 providere,
530 290 553 301 ne
563 290 585 301 ex
594 284 675 307 inequali
686 284 791 307 provisione
802 284 891 301 dictorum
902 284 1047 301 bachelariorum
1057 290 1100 301 con-

167 317 224 334 tentio
233 317 262 334 vol
272 317 364 334 discordia
375 317 449 334 oriatur.

213 365 248 378 Bibl.
256 366 305 380 Virod-,
312 370 337 378 mn.
345 366 364 381 fil,
373 366 395 378 sol.
403 365 471 378 wsb-1⁶9.

213 403 225 416 1,
233 403 252 416 De
258 403 364 418 Monternhinno,
374 403 447 415 two-1807,

166 467 223 486 671,
233 472 329 490 Praepositum
338 472 392 490 Paris„
400 472 451 485 parus
459 471 472 485 ιο
479 472 529 489 rma,
537 472 635 490 juramentum
643 472 661 485 ,ιε
668 471 761 485 erumnas
773 471 872 485 Universitatis
879 471 927 485 Paris*
935 471 1028 485 libertatibus
1036 471 1051 484 in
1055 475 1101 490 prae-

211 496 259 510 semia
267 496 369 510 Unimanum
374 498 447 515 praestat
764 514 799 527 73⁰8
810 513 869 527 amm
875 514 892 527 70
902 514 956 527 mm,

212 552 232 568 ln
244 552 318 569 nomine
332 552 412 572 Domini,
427 557 485 568 amen.
500 551 554 568 Anno
569 550 652 573 ejusdem
666 550 764 568 millesimo
779 551 906 568 trecentesimo
921 554 991 572 octavo,
1001 551 1101 568 indictione

167 585 251 608 septima,
265 585 337 602 decimo
352 585 382 602 die
399 584 468 601 mensis
485 583 576 605 Octobris,
591 584 707 607 pontificatus
723 584 834 601 sanctissimi
850 584 906 607 patris
924 588 941 601 ct
958 584 1026 601 domini
1044 584 1101 601 nostri

167 618 236 635 domini
252 618 352 635 Clementis
365 618 425 634 divina
438 617 553 640 providentia
566 623 612 640 pape
625 617 684 640 quinti
696 623 744 634 anno
756 617 816 638 tertio,
830 618 954 640 congregatis,
967 621 987 634 ut
997 618 1055 634 moris
1067 621 1101 639 est,

166 650 303 668 venerabilibus
316 654 335 667 et
348 650 433 667 discretis
445 650 490 667 viris
503 650 638 673 theologorum,
653 650 775 672 decretorum,
789 650 879 667 medicine
893 654 910 667 et
923 651 988 668 artium
997 651 1102 668 facultatum

167 684 260 707 magistris
275 684 416 705 Parisiensibus,
431 690 465 701 nec
478 689 515 701 non
529 683 628 707 magistriS,
643 683 750 701 buchalariis
765 687 783 701 et
798 683 899 701 scolaribus
911 684 1032 707 predictarum
1046 684 1102 701 facul—

167 720 229 738 tatum,
243 723 262 734 ac
277 717 363 734 omnibus
378 717 401 734 de
414 717 537 734 Universitate
552 717 657 738 Parisiensi,
671 717 702 740 qui
716 717 814 734 voluerunt
828 721 846 734 et
862 721 960 741 potuerunt
976 717 1066 734 interesse
1083 718 1102 734 in

167 750 290 768 Universitate
298 751 386 773 predicta,
395 750 416 767 ad
427 757 480 773 quam
491 751 578 768 decimam
587 750 634 767 diem
646 754 684 767 erat
692 754 774 772 vocatus,
782 754 883 768 conventus
893 754 911 768 et
920 751 992 772 citatus,
1000 754 1020 768 ut
1029 751 1102 772 dicitur,

167 790 190 800 ex
197 787 248 807 parte
256 784 368 801 venerabilis
381 787 399 801 et
411 784 485 801 discreti
498 784 532 801 viri
542 784 624 807 magistri
633 784 725 801 Vincentii
736 784 758 801 de
769 785 853 807 Freyaco,
864 787 906 801 tune
919 784 996 801 rectoris
1009 784 1103 802 Universi—

167 817 208 834 tatis
222 817 331 835 Parisiensis
345 817 434 840 predicte,
449 823 469 834 ac
482 818 556 834 nomine
569 817 628 840 ipsius
642 817 770 834 Universitatis
784 817 871 840 predicte,
887 818 993 835 auctoritate
1007 821 1025 834 et
1036 818 1103 835 virtute

167 850 307 874 privilegiorum
323 850 446 868 universitati.
454 851 583 874 magistrorum
597 854 616 868 et
630 850 727 868 scolarium
745 850 874 868 Parisiensium
889 856 899 868 a
913 850 957 868 sede
971 851 1071 874 apostolica
1085 854 1103 868 et

167 884 235 901 inclitis
246 884 321 907 regibus
332 884 407 901 Francie
417 890 555 905 concessorum,
565 884 653 907 providus
660 885 688 902 vir
696 885 760 901 Petrus
771 885 787 901 le
798 885 863 905 Feron,
872 884 976 907 prepositus
987 884 1103 905 Parisiensis,

166 921 188 934 ut
196 917 297 934 seeundum
308 917 404 941 privilegia
413 917 462 934 dicte
471 917 607 939 Universitatis,
620 918 641 934 ad
654 924 688 940 que
702 918 806 940 prepositus
819 917 928 934 Parisiensis
938 918 961 934 de
971 924 1019 934 novo
1031 921 1103 934 creatus

167 954 187 968 et
198 951 218 967 in
232 957 265 968 sue
279 951 396 974 prepositure
410 951 502 968 creatione
517 951 536 967 in
551 951 663 974 prepositum
678 951 800 968 Parisiensem
813 954 863 968 certa
876 951 906 967 die
923 951 969 968 dicte
985 951 1103 968 Universimti

167 984 190 1001 ad
199 984 316 1007 prestandum
325 985 449 1007 juramentum
460 984 482 1001 de
492 984 594 1007 privileff‘is
604 984 652 1001 dicte
662 984 780 1001 Universitati
790 984 883 1001 concessis
894 984 972 1001 fideliter
983 984 1103 1001 observandis

167 1021 196 1035 est
205 1018 296 1039 astrictus,
308 1021 362 1040 prout
371 1018 390 1035 in
400 1018 445 1040 ipsis
456 1017 558 1041 privilegiis
568 1017 641 1040 plenius
651 1017 717 1034 dicitur
727 1017 826 1034 contineri¹
837 1023 841 1034 z
853 1017 921 1035 idcirco
933 1018 953 1034 in
965 1018 1057 1040 presentia
1067 1017 1103 1034 mei

167 1050 236 1074 publici
249 1051 314 1068 notarii
326 1054 345 1068 et
356 1051 486 1068 Universitntis
499 1051 580 1074 predicte
592 1051 640 1068 inter
651 1054 711 1068 cetera
723 1051 751 1068 vir
764 1051 874 1068 venerabilis
887 1054 904 1068 et
917 1051 1007 1068 discretus
1021 1064 1031 1067 ..
1043 1054 1103 1067 rector

166 1084 259 1107 predictus
270 1084 367 1107 proposuit
376 1088 394 1101 et
404 1084 449 1101 dixit
459 1087 544 1107 presente
554 1084 594 1107 ipso
602 1084 702 1107 preposito,
711 1084 760 1107 quod
768 1084 873 1108 prepositus
881 1084 990 1101 Parisiensis
998 1084 1103 1107 quicunque

166 1124 200 1141 pro
212 1121 292 1141 tempore
303 1118 365 1139 fuerit,
374 1115 397 1135 in'
403 1118 462 1141 prima
471 1118 500 1134 sui
510 1117 601 1135 creatione
612 1118 630 1134 in
641 1118 753 1141 prepositum
766 1118 888 1135 Parisiensem
899 1117 955 1135 dehet
966 1121 985 1135 et
995 1121 1068 1135 tenetur
1080 1117 1103 1134 de

166 1151 287 1168 observandis
300 1151 372 1168 statutis
384 1155 403 1168 et
415 1150 531 1168 libertatibus
544 1151 672 1168 Universitatis
685 1151 795 1168 Parisiensis
807 1154 856 1168 certa
869 1151 898 1168 die
911 1151 930 1167 in
942 1151 988 1174 ipsis
1001 1151 1103 1174 privilegiis

166 1188 251 1201 contenta
261 1188 279 1201 et
287 1184 329 1201 loco
340 1190 348 1201 a
360 1184 406 1201 dicta
416 1184 539 1202 Universitate
550 1184 608 1201 eidem
619 1184 712 1207 preposito
722 1184 834 1208 assignando
846 1188 927 1207 prestare
937 1185 1067 1207 juramentum.
1081 1185 1104 1201 Et

167 1218 210 1240 quia
219 1218 279 1235 dictus
288 1231 299 1234 n
308 1217 413 1241 prepositus
424 1223 479 1240 super
489 1218 523 1235 hoc
533 1217 646 1234 sufficienter
655 1218 742 1239 monitus,
752 1221 772 1234 ut
781 1218 869 1240 premissa
880 1218 953 1239 faceret,
963 1223 1000 1234 non
1011 1218 1059 1239 fecit,
1069 1223 1103 1234 nec

167 1251 190 1268 ad
199 1251 265 1268 dictam
276 1251 323 1268 diem
335 1251 370 1268 sihi
380 1251 467 1274 profixam
477 1251 584 1274 comparuit,
595 1251 628 1268 sed
639 1257 658 1268 se
669 1251 761 1268 maliciose
769 1251 900 1272 absentaverat,
908 1254 927 1268 et
933 1250 967 1268 hoc
978 1251 1037 1268 facere
1048 1251 1103 1268 distu-

167 1284 219 1306 lerat,
239 1287 259 1301 ut
277 1284 371 1301 asserebat
387 1284 472 1301 dominus
492 1287 552 1301 rector
570 1284 699 1301 Universitatis
717 1284 792 1301 nomine
810 1284 921 1307 supradicte,
937 1290 993 1307 quare
1010 1284 1104 1301 asserebat

167 1317 227 1340 ipsum
239 1331 250 1334 Δ,
261 1317 374 1340 prepositum
387 1320 472 1340 tanquam
485 1310 627 1338 inobedientem,
641 1320 659 1334 et
671 1317 808 1340 privilegiorum
822 1317 868 1334 dicte
882 1317 1010 1335 Universitatis
1022 1321 1103 1335 contem—

167 1354 237 1374 ptorem
249 1351 287 1368 sore
301 1350 380 1374 graviter
393 1351 512 1374 puniendum.
524 1351 562 1367 Hiis
572 1354 590 1367 et
599 1351 640 1367 aliis
650 1350 734 1373 pluribus
744 1351 843 1374 propositis
854 1354 871 1368 et
881 1351 940 1372 dictis,
952 1354 993 1374 post
1006 1350 1103 1368 nonnullas

167 1385 279 1402 sufficientes
292 1388 310 1402 et
322 1385 414 1408 leffl'timas
427 1385 556 1402 excusaciones
568 1385 612 1402 dicti
623 1397 634 1401 ..
648 1385 742 1408 prepositi,
756 1388 774 1402 et
786 1391 841 1408 super
853 1385 887 1402 hoc
899 1391 908 1401 a
921 1385 968 1402 dicta
981 1385 1103 1402 Universitate

166 1418 262 1439 admissas,
273 1418 352 1435 finaliter
361 1418 410 1435 idem
422 1431 433 1435 ..
444 1418 549 1441 prepositus
559 1424 610 1435 more
619 1418 772 1441 predecessorum
782 1424 857 1435 suorum
867 1418 1003 1441 prepositorum
1013 1418 1103 1435 Parisien-

166 1451 214 1468 sium
223 1451 247 1468 ad
256 1455 329 1468 sanctos
339 1454 358 1468 et
367 1455 438 1468 sanctas
449 1451 482 1468 Dei
492 1451 573 1475 paestitit
583 1451 655 1474 publice
663 1452 793 1474 juramentum,
804 1451 854 1474 quod
864 1457 900 1468 non
913 1457 933 1468 se
945 1451 1073 1468 absentaverat
1084 1451 1103 1468 in

166 1485 248 1502 fraudem
258 1484 337 1507 aliquam
351 1484 380 1501 vel
394 1484 479 1501 malitiam
493 1490 525 1501 seu
538 1485 674 1504 detrimentum,
686 1485 808 1507 prejudicium
821 1484 850 1502 vel
861 1484 950 1501 lesionem
963 1485 1102 1508 privilegiorum
