1308 1835
169 213 190 230 16
462 218 621 230 cnn‘rummuu
638 218 733 230 {suivans
751 218 816 230 mnis.
1053 212 1102 231 [1287

213 255 267 272 Sexto
278 255 301 272 de
313 255 411 279 privilegio
421 256 522 273 Clementis
532 256 568 278 (IV)
578 255 650 272 dicebat
661 255 711 278 quod
723 261 785 272 verum
800 259 828 272 est
839 255 889 278 quod
899 255 985 272 Clemens
995 258 1101 278 potestatem

168 294 231 305 eorum
242 289 367 309 restrinxerat,
376 289 425 311 quod
435 289 457 305 de
468 288 540 306 casibus
551 289 649 305 reservatis
658 288 750 311 episcopis
760 294 798 305 non
808 294 828 305 se
838 292 922 311 poterant
931 289 1060 309 intromittere3
1070 288 1102 305 sed

168 328 205 338 non
220 325 271 338 erant
285 325 312 339 tot
323 327 378 338 casus
391 328 438 344 quos
450 321 589 338 nominabamus
602 321 621 338 in
634 322 703 338 nostris
716 322 808 338 versibus.
819 322 867 338 Istos
879 327 933 338 casus
946 325 1015 338 tantuin
1027 321 1103 338 confite-

168 354 221 372 batur
236 361 241 371 ε
256 355 287 377 qui
307 355 349 371 facit
367 355 463 376 incestum,
480 355 571 371 deflorans
587 358 618 372 aut
632 354 729 376 homicida,
747 355 856 378 sacrilegus,
872 358 942 377 patrum
959 361 1057 378 percussor
1073 355 1103 372 vel

168 388 265 409 sodomita,
276 388 381 410 pontificem
395 393 475 410 querens
490 394 523 405 nec
537 394 574 405 non
590 388 620 411 qui
633 388 705 405 miserit
714 388 781 411 ignem.
794 389 831 405 flos
842 394 897 405 casus
905 388 994 405 habemus
1010 394 1042 411 per
1052 394 1102 405 suain

168 421 304 438 confessionem
312 421 336 438 de
343 427 378 444 quo
386 421 464 438 fecimus
471 421 511 438 fieri
519 421 613 444 publicum
621 421 769 442 instrumentum,
777 424 796 438 ct
802 421 878 438 multum
887 421 986 444 doluerunt
992 421 1023 438 alii
1029 421 1102 442 fratres,

168 455 245 472 maxime
255 454 344 476 Minores,
355 454 378 472 ad
391 460 438 478 quos
451 455 587 478 respondimus,
598 455 648 478 quod
660 461 725 472 versus
739 455 797 472 nostri
809 458 907 478 sequentes
920 455 959 472 veri
971 458 1014 472 sunt
1025 454 1056 478 qui
1066 454 1103 471 hiis

168 488 253 505 versibus
263 488 382 505 continentur
393 494 397 505 :
408 491 535 512 transgressor
544 489 588 509 voti,
599 489 690 512 perjurus,
702 489 838 511 sortilegusque
851 492 869 505 et
882 489 957 505 mentita
966 488 1020 509 fides,
1033 488 1103 505 faciens

168 520 259 542 incendia,
275 521 333 544 prolis
347 527 453 545 oppressor,
468 522 593 545 blasphemus,
608 522 707 543 hereticus,
717 522 777 538 omnis
794 522 870 542 adulter,
884 521 995 544 pontificem,
1009 524 1041 538 etc.
1055 522 1102 538 lstos

168 560 222 571 nasus
232 554 332 577 probamus
342 561 375 578 per
381 556 430 578 jura.
440 556 463 572 Et
472 555 528 572 oblati
537 555 612 572 suerunt
621 555 663 571 libri
674 558 691 571 et
701 555 743 571 lecti
753 555 772 571 in
782 554 876 577 presencia
886 554 1014 577 magistrorum
1018 568 1050 571 .....

213 588 293 611 Septimo
308 588 354 605 dixit
369 589 418 611 quod
432 588 540 605 confitentes
554 588 580 605 eis
594 594 631 605 non
647 591 731 604 tenentur
745 588 811 604 iterum
824 587 906 604 confiteri
922 588 996 611 proprio
1012 588 1102 605 sacerdoti

168 628 201 644 per
210 622 326 645 privilegium
338 622 407 639 domini
416 621 496 642 Martini,
506 625 525 638 et
533 621 609 638 vocabat
618 621 734 644 privilegium
744 621 881 644 ampliacionem
892 621 993 644 potestatis.
1004 621 1057 638 Ponit
1069 627 1102 644 pro

169 655 248 676 racione,
264 655 305 678 quia
322 655 408 677 injuriam
425 654 477 671 fieret
493 658 613 675 sacramento,
627 655 643 671 si
660 654 763 675 reiteretur,
779 658 797 671 et
811 655 861 677 quod
878 661 923 677 papa
939 661 976 671 non
993 658 1032 671 erat
1048 661 1102 678 supra

168 691 286 709 sacramenta,
304 691 322 705 et
343 688 392 711 quod
409 688 425 704 si
441 688 535 704 mandaret
551 688 600 711 quod
617 688 716 711 baptizaret
732 694 799 711 pueros
815 688 834 704 in
851 688 900 708 vino,
918 688 958 710 ipse
975 694 1012 705 nou
1027 688 1101 705 faceret.

168 722 283 745 Responsum
299 721 334 738 suit
349 721 399 744 quod
413 727 450 738 uon
466 725 494 738 est
509 721 625 745 privilegium
640 721 763 745 ampliativum
777 721 810 739 sed
823 721 952 742 restrictivum,
967 721 1010 744 quia
1026 727 1049 738 ex
1066 727 1102 745 qno

167 754 276 772 confitentes
291 755 318 772 eis
334 761 378 778 papa
393 754 468 772 remittit
482 755 504 772 ad
519 755 629 776 sacerdotes,
645 758 751 778 potestatem
768 761 804 772 non
818 754 886 772 habent
901 754 937 771 nisi
954 754 977 771 de
993 754 1067 772 casibus
1083 755 1103 771 in

168 787 235 811 quibus
252 788 348 805 absolvere
366 791 443 811 possunt
459 788 553 811 simplices
569 788 680 805 sacerdotes.
695 789 739 805 Nam
756 788 829 805 mandat
844 794 890 811 papa
906 788 955 811 quod
969 791 1102 805 sacramentum

168 822 271 843 reiteretur,
282 822 323 844 quia
334 821 482 838 sacramentalem
492 821 626 838 confessionem
637 821 664 838 eis
675 827 712 838 non
721 821 822 838 committit.
834 821 865 838 llla
878 824 906 838 est
916 827 951 844 que
963 821 1060 838 constituta
1075 824 1103 838 est

168 854 203 872 sub
215 860 261 877 pena
275 855 361 872 videlicet
371 855 433 872 Omnis
444 855 537 877 utriusque
546 860 604 875 sexus,
615 854 646 871 illa
656 861 709 877 quain
722 855 763 877 quis
775 854 810 871 sub
821 860 853 877 spe
863 855 916 871 venie
926 854 995 877 pluries
1006 854 1102 877 [pluribus]

168 891 229 911 potest
243 888 327 905 confiteri
343 888 443 905 secundum
460 888 590 911 Augustinum,
605 888 627 905 de
642 888 741 911 penitentia
755 888 772 905 d.
789 889 798 905 1
811 894 828 904 c.
841 893 890 910 quem
900 888 970 910 penitet
986 888 1016 910 [de
1033 888 1102 911 poenit.

168 921 210 938 dist.
220 922 235 943 1,
242 927 257 938 c.
266 921 302 943 88],
311 921 353 944 quia
361 921 391 938 illa
402 925 430 938 est
438 921 511 938 consilii
521 924 607 944 quantum
615 921 638 938 ad
646 921 754 938 confitentes
762 927 799 938 non
808 921 898 944 precepti3
907 920 937 938 illa
946 927 982 944 que
991 921 1037 938 facta
1045 924 1073 938 est
1080 921 1103 938 de

168 954 272 971 confitendo
289 954 380 971 sacerdoti
398 958 426 971 est
439 955 521 977 precepti
536 958 555 971 et
567 961 605 972 non
619 955 697 971 consilii.
715 955 737 971 Et
749 954 793 971 licet
805 960 850 977 papa
865 960 902 971 non
916 954 975 977 possit
992 958 1103 972 sacramenta

169 991 245 1009 mutare,
254 988 328 1005 modum
340 991 399 1005 tamen
409 988 493 1005 tradendi
502 991 614 1005 sacramenta
623 988 671 1005 bene
681 991 742 1011 potest
750 988 852 1009 immutare,
863 988 920 1004 eciam
932 987 971 1004 sola
981 988 1103 1009 consuetudo,

168 1027 192 1043 xi,
206 1021 231 1043 di,
242 1027 257 1038 c.
273 1021 433 1039 ecclesiasticarum
448 1021 583 1039 institucionum
598 1021 657 1044 [Decr.
672 1021 714 1038 dist.
730 1022 756 1042 11,
770 1027 786 1038 c.
801 1021 823 1042 5}
837 1021 882 1038 ltem
896 1021 941 1038 dixit
956 1021 1005 1044 quod
1021 1021 1104 1038 commit-

169 1054 251 1071 tebamus
262 1054 378 1077 sacrilegium
392 1054 433 1077 quia
447 1054 611 1077 interpretabamus
621 1054 737 1077 privilegium
753 1060 804 1077 pape*
816 1055 931 1076 Responsum
946 1054 986 1075 suit,
997 1060 1034 1071 non
1049 1054 1103 1071 inter-

169 1091 262 1110 pretemur
272 1087 304 1110 qui
318 1090 387 1104 stamus
395 1087 433 1110 juri
443 1087 541 1108 communi,
555 1087 587 1109 qui
600 1087 679 1110 petimus
691 1087 841 1108 declaracionem,
854 1087 886 1104 sed
899 1087 935 1110 ipsi
948 1087 980 1110 qui
992 1087 1055 1103 dicunt
1068 1086 1104 1104 sibi

166 1118 199 1141 jus
209 1118 236 1135 illi
246 1118 340 1135 declarent
349 1118 393 1140 (sic),
404 1124 449 1141 ergo
459 1122 502 1135 sunt
512 1118 603 1141 sacrilegi.

214 1152 301 1174 Sequenti
311 1151 341 1168 die
351 1151 453 1174 predicavit
461 1152 517 1168 frater
526 1152 592 1173 Minor,
604 1155 622 1168 et
631 1152 687 1169 multa
697 1152 788 1169 deteriora
798 1151 861 1168 dicitu⁴

213 1185 266 1202 Unde
279 1191 312 1208 per
326 1185 360 1202 Dei
373 1185 448 1208 gratiam
462 1185 481 1202 in
494 1188 593 1208 conspectu
609 1185 689 1202 omnium
703 1188 746 1202 sunt
758 1185 836 1206 confusi,
851 1191 885 1202 nec
897 1188 925 1202 est
936 1191 983 1208 puer
992 1184 1103 1205 Aurelianis,

169 1219 213 1241 quin
222 1219 269 1236 sciat
279 1219 394 1241 respondere
404 1224 467 1235 eorum
477 1219 597 1241 argumentis,
608 1222 625 1235 et
638 1224 702 1235 omnes
711 1219 815 1241 jurisperiti
827 1218 871 1235 satis
884 1221 926 1235 sunt
938 1224 971 1241 pro
982 1218 1035 1235 nobis
1047 1218 1104 1235 insor-

169 1252 217 1269 mati.
232 1252 291 1273 Unde,
305 1255 355 1275 pater
369 1255 387 1268 et
398 1252 478 1273 domine,
491 1252 525 1269 ista
537 1251 590 1269 vohis
603 1252 706 1273 scribimus,
720 1251 804 1268 nolentes
817 1251 883 1268 docere
895 1251 1002 1273 Minervam,
1013 1252 1046 1269 sed
1056 1252 1104 1268 utin

170 1288 204 1302 tam
218 1285 248 1308 pio
262 1289 280 1302 et
289 1289 352 1302 sancto
363 1285 448 1308 negocio,
459 1288 475 1302 et
486 1291 495 1302 a
507 1291 543 1308 quo
557 1285 649 1308 dependet
661 1288 718 1302 status
732 1285 840 1302 universalis
852 1285 936 1306 ecclesie,
950 1285 998 1302 sicut
1010 1285 1104 1308 incepistis

168 1318 256 1341 vigiletis.
267 1318 296 1335 Ad
305 1318 340 1335 hoc
351 1318 405 1340 enim,
416 1322 436 1335 ut
448 1318 524 1335 firmiter
533 1318 632 1339 credimus,
643 1318 732 1335 Dominus
741 1324 775 1335 vos
786 1318 857 1336 vocavit
866 1321 885 1335 et
894 1318 943 1342 quod
955 1318 1058 1335 ordinatum
1071 1318 1105 1335 fuit

169 1351 250 1369 Parisius
265 1357 298 1374 per
311 1357 345 1369 vos
359 1355 376 1369 et
390 1352 442 1373 alios,
457 1352 526 1369 faciatis
540 1352 559 1368 in
572 1355 632 1369 vestra
647 1351 740 1375 provincia
753 1351 831 1369 viriliter
845 1351 938 1369 observari
953 1355 971 1369 et
985 1357 1018 1374 per
1032 1354 1104 1369 curatos

169 1389 241 1402 vestros
253 1385 352 1408 religiosos
364 1388 382 1402 et
393 1385 446 1407 alios,
460 1392 493 1402 nec
506 1386 569 1402 faciem
582 1391 644 1402 eorum
658 1386 732 1403 timeant
743 1386 805 1409 aliqui,
816 1386 871 1402 immo
884 1386 989 1408 defendant,
999 1385 1041 1408 quia
1052 1391 1105 1402 error

169 1418 199 1435 eui
209 1424 245 1435 non
255 1418 349 1435 resistitur
359 1419 474 1441 approbatur.
484 1419 506 1435 Et
514 1425 614 1442 quanquam
625 1419 649 1436 sit
658 1419 725 1436 veritas
735 1425 768 1442 pro
778 1418 838 1439 nobis,
848 1422 865 1435 et
874 1419 943 1436 falsilas
953 1425 986 1442 pro
996 1419 1048 1442 ipsis,
1057 1419 1105 1436 sicut

170 1455 218 1473 totus
233 1452 312 1468 mundus
326 1451 382 1473 videt,
393 1452 481 1474 scriptum
491 1455 520 1469 est
529 1455 588 1469 tamen
600 1458 604 1469 :
614 1452 686 1469 Veritas
699 1458 735 1475 que
747 1458 784 1469 non
796 1452 901 1469 defensatur
911 1452 1025 1475 opprimitur.
1037 1453 1104 1470 Iterum

170 1485 256 1502 laboretis
271 1491 314 1509 erga
330 1485 455 1502 Senonensern
469 1485 643 1508 archiepiscopum¹⁴
657 1491 690 1508 per
702 1491 735 1503 vos
747 1485 777 1503 vel
791 1485 852 1507 alium,
866 1485 955 1508 quiajam
970 1492 992 1503 ex
1005 1485 1104 1509 frigiditate
