1308 1835
165 217 197 233 216
452 223 612 234 enin-ruinarum
629 223 725 234 uuivnns
744 223 810 234 mnis⁴
1049 217 1098 236 [1318

165 265 281 282 consequens
291 263 353 276 eontra
366 260 484 282 Evangelium
498 263 516 277 et
525 259 586 281 fidem,
598 263 615 276 et
626 263 653 276 est
662 259 719 276 verbo
731 263 750 276 et
758 260 805 277 facto
815 260 883 277 Christi
896 260 1015 283 Evangelium
1029 263 1047 277 et
1058 260 1098 282 ejus

165 293 258 309 veritatem
268 293 384 315 impugnare;
396 296 414 309 et
423 293 473 315 quod
483 299 505 309 ex
514 292 549 309 hoc
560 296 667 315 sequeretur
677 293 776 310 destructio
786 293 822 310 vite
832 293 901 310 Christi
910 296 929 310 et
937 297 966 310 est
972 293 1065 310 Christum
1076 293 1098 310 de

166 331 259 349 synagoga
268 325 342 348 ejicere,
353 329 372 342 et
381 325 430 348 qnod
440 325 467 342 illi
477 326 508 348 qui
519 325 621 348 procedunt
630 329 692 342 contra
705 326 769 343 fratres
780 329 873 348 portantes
883 326 942 343 dictos
952 326 1025 343 habitus
1036 329 1098 343 curtos

166 362 184 375 et
196 359 270 376 strictos
283 361 326 375 sunt
339 359 358 375 in
372 364 434 375 errore
447 362 509 375 contra
519 359 612 376 veritatem
627 359 732 382 evangelice
746 359 816 382 regule,
829 363 847 376 et
860 365 892 382 per
905 365 1022 382 consequens
1036 363 1098 376 contra

165 392 258 409 veritatem
269 392 364 415 Evangelii
374 395 392 409 et
402 392 450 409 fideii

210 425 299 442 Secundus
309 431 411 448 aggravans
420 428 439 442 et
446 425 564 442 consentiens
573 425 596 442 ad
606 426 684 448 primum
695 429 728 446 est.
738 426 787 449 quod
797 426 882 443 dominus
894 432 937 449 papa
948 431 985 443 nou
995 425 1058 443 habuit
1065 431 1098 443 nec

165 457 220 475 habet
229 458 322 481 quamdam
339 462 446 482 potestatem
462 465 495 476 nec
511 458 634 476 auctoritatem
650 459 727 476 faciendi
743 459 896 476 Constitutionem
914 465 966 482 quam
984 459 1006 476 de
1021 459 1098 476 consilio

165 491 282 508 cardinalium
300 492 349 513 feeit,
365 498 400 515 que
414 492 478 515 incipit
489 498 493 509 t
509 492 642 515 Quorundam‘,
659 493 678 509 in
694 498 729 515 qua
745 492 854 515 prelatorum
874 492 917 509 dicti
936 493 1011 510 Ordinis
1027 492 1098 514 judicio

165 525 261 542 committit
271 525 391 543 determinare
402 529 420 543 et
429 525 512 542 arbitrari
526 526 578 548 cujus
590 525 712 548 longn'tudinis
726 528 743 542 et
755 525 863 546 latitudinis,
878 525 936 542 forme
950 526 989 542 sive
1001 526 1066 548 figure,
1081 529 1098 542 et

165 558 252 575 similium
262 559 382 576 accidentium
393 559 472 576 debeant
481 564 523 575 esse
532 558 605 575 habitus
619 558 744 581 professorum
754 558 802 575 dicte
815 558 885 581 regule,
899 562 916 575 et
929 559 982 581 cujus
995 562 1097 581 quanteque

165 592 239 609 vilitatis
249 592 363 609 vestimentis
374 592 425 608 indui
435 592 486 614 ipsos
499 592 564 608 fratres
575 595 653 614 oportet,
663 597 684 608 ac
694 592 770 614 insuper
780 592 901 608 determinare
913 591 997 608 arbitrari
1009 594 1027 608 et.
1039 592 1098 614 preci-

165 631 209 648 pere
218 631 254 648 quo
264 631 314 645 casu,
325 625 409 648 qualiter,
421 624 452 641 ubi
463 628 480 641 et
490 625 562 647 quando
573 628 592 641 et
601 625 686 647 quotiens
696 631 779 648 granum,
791 631 855 647 panem
869 628 886 641 et.
898 624 959 641 vinum
972 630 1005 647 pro
1016 625 1053 641 vite
1065 625 1099 641 sra-

165 662 212 675 trmn
222 658 332 675 necessariis
341 658 406 675 fratres
416 658 452 681 ipsi
462 664 539 680 querere
550 657 634 679 debeant,
645 664 753 675 conservare
764 658 803 675 sive
811 664 910 681 reponere;
923 661 939 675 et
950 658 1032 674 districte
1040 658 1099 681 preci-

165 691 231 714 piendo
242 691 333 708 mandavit
343 691 392 714 quod
402 691 420 707 in
431 691 518 714 predictis
527 694 544 708 et
553 691 582 708 his
593 691 684 708 similibus
696 691 796 708 eorundem
807 691 917 714 prelatorum
927 691 1028 711 arbitrium,
1039 691 1099 708 deter-

165 724 282 742 minationem
299 724 338 742 sive
354 724 444 748 judicium
460 725 512 748 sequi
530 724 604 748 illisque
621 730 684 747 parere
701 730 734 747 per
753 725 813 741 omnia
834 728 937 743 teneantur:
956 728 974 741 et
993 724 1012 741 in
1032 724 1098 741 virtute

165 758 270 775 obedientie
280 761 297 774 et
307 757 342 775 suh
352 757 544 775 excommunicationis
555 763 601 781 pena
613 757 704 775 mandavit
716 758 765 781 quod
777 757 820 774 dicti
834 758 898 775 fratres
911 758 941 781 qui
956 757 1014 774 dictos
1026 757 1098 774 habitus

165 794 227 808 curtos
237 795 255 808 et
264 791 338 808 strictos
348 794 484 814 assumpserant
494 791 516 808 ad
527 791 629 808 mandatum
640 791 732 814 generalis
740 791 817 808 ministri
827 791 870 808 dimi
877 791 953 808 Ordinis
961 791 1075 814 deponerent
1082 794 1100 808 et

165 824 206 841 aliis
219 824 394 847 secundum-ipsius
411 824 503 847 generalis
520 824 598 841 ministri
617 824 712 841 arbitrium
729 824 768 841 sive
781 824 871 846 judicium
886 824 1014 845 induerentur,
1027 824 1099 847 ipsique

165 857 247 880 generali
259 857 278 874 in
288 857 374 874 omuibus
386 857 427 874 istis
438 861 454 874 et
467 857 508 874 :iliis
518 863 551 880 per
563 858 623 874 omnia
636 857 736 874 secundum
749 857 797 874 beati
811 857 902 874 Francisci
915 857 996 880 regulam
1010 860 1027 874 et
1040 857 1099 874 decla-

165 891 245 907 rationes
255 891 313 907 editas
323 897 379 914 super
389 897 409 907 ea
420 894 437 907 et
447 891 469 907 ad
479 891 579 914 predictam
590 891 722 908 ordinationem
733 891 826 907 humiliter
835 890 937 907 obedirent

212 924 291 941 Tertius⁴
305 924 349 940 ltem
360 924 409 947 quod
419 930 453 940 neo
462 930 508 947 pape
520 930 554 941 nec
564 924 639 947 prelatis
650 924 693 941 dicti
704 924 778 941 Ordinis
789 924 911 941 obediendum
926 927 954 941 est
966 924 985 940 in
996 924 1025 941 his
1036 929 1071 946 que
1081 924 1099 940 in

165 957 233 980 prefata
243 957 378 974 Constitutione
388 957 505 974 continentur
516 963 538 973 ex
548 963 569 974 eo
580 957 628 980 quod
639 957 720 980 predicta
731 957 748 974 in
759 957 806 974 dicta
814 957 950 974 Constitutione
960 960 1045 974 contenta
1057 960 1099 974 sunt

164 993 226 1007 eontra
237 990 333 1007 consilium
344 990 412 1007 Christi
423 993 441 1007 et
446 990 517 1016 ‘dictam
524 990 613 1013 regulam,
624 994 686 1007 contra
696 996 731 1013 que
741 996 786 1013 papa
797 996 834 1007 uon
843 994 909 1013 potest.

209 1023 238 1040 Ad
247 1029 282 1046 que
293 1023 391 1040 dicendum
404 1027 432 1040 est
441 1023 491 1046 quod
500 1023 578 1046 predicti
588 1023 659 1040 articuli
669 1027 687 1040 et
698 1024 774 1046 quilibet
784 1030 847 1040 eorum
858 1027 900 1041 sunt
910 1023 987 1040 heretici
996 1024 1098 1045 manifeste,

164 1062 206 1073 cum
219 1060 322 1080 repugnent
334 1057 404 1074 veritati
417 1056 523 1080 evangelice
537 1060 556 1073 et
568 1057 670 1074 auctoritati
682 1060 700 1074 et
712 1057 796 1080 potestati
810 1063 856 1080 pape
869 1060 887 1074 et
900 1057 978 1074 ecclesie
991 1060 1010 1074 et
1022 1057 1098 1074 maxime
1111 1073 1113 1075 ,

164 1090 269 1113 impingunt
278 1090 296 1106 in
310 1090 362 1107 illum
375 1090 478 1111 articulum,
493 1092 571 1107 sanctam
582 1090 687 1111 Ecclesiam,
701 1093 803 1108 sanctorum
813 1090 959 1111 communionem¹
975 1096 1015 1107 cum
1025 1090 1099 1108 devient

164 1129 173 1140 a
184 1123 219 1140 side
229 1129 281 1146 quam
292 1123 413 1140 communiter
425 1123 477 1140 docet
488 1126 505 1140 et
515 1126 564 1140 tenet
573 1123 683 1140 universalis
693 1123 777 1144 ecclesia,
788 1127 806 1141 et
815 1123 877 1141 falsam
888 1127 905 1140 et
916 1129 979 1140 novam
993 1124 1098 1147 opinionem

164 1156 254 1173 inducunt
262 1156 282 1173 in
289 1157 329 1180 ipsa
339 1156 381 1173 fide,

210 1191 248 1213 Ego
266 1190 321 1207 frater
340 1190 414 1207 Vitalis’
431 1189 479 1207 tituli
494 1190 554 1207 Sancti
567 1190 641 1207 Martini
656 1190 675 1207 in
690 1190 783 1214 Montibus
798 1190 894 1213 presbyter
906 1190 1004 1207 cardinalis
1017 1193 1035 1207 et
1048 1195 1098 1207 sacre

165 1222 257 1246 theologie
271 1223 335 1240 doctor
345 1223 409 1246 judico
422 1226 440 1240 et
454 1228 517 1240 assero
532 1228 596 1240 omnes
609 1223 723 1246 supradictos
736 1223 823 1240 articulos
835 1226 853 1240 et
867 1222 966 1246 quemlibet
978 1229 1042 1240 eorum
1057 1229 1098 1240 esse

164 1256 255 1273 hereticos
265 1260 283 1273 et
292 1257 385 1273 damnatas
394 1256 469 1273 hereses
480 1256 580 1273 continere.
591 1256 613 1273 ln
622 1257 675 1279 cujus
685 1262 712 1273 rei
722 1256 846 1273 testimonium
854 1262 907 1273 mauu
916 1257 988 1279 propria
997 1256 1099 1279 subscripsi

165 1293 183 1306 et
192 1289 273 1312 sigillum
284 1296 344 1306 meum
354 1290 390 1307 feci
399 1290 484 1313 appendi.
656 1302 664 1306 -
702 1313 704 1315 ¹

210 1323 232 1340 Et
244 1329 279 1345 ego
292 1323 348 1339 frater
360 1323 483 1346 Berengarius
497 1323 520 1340 de
532 1323 634 1340 Landorra'
648 1323 717 1339 electu‘u
732 1322 891 1345 Compostellauus
903 1323 946 1340 licet
958 1323 1046 1346 indignus
1057 1323 1098 1340 dico

165 1359 183 1373 et
192 1356 247 1373 eredo
258 1356 372 1379 supradictos
383 1356 469 1374 articulos
480 1360 497 1373 et
508 1356 608 1380 quemlihet
618 1362 680 1373 eorum
689 1362 730 1373 esse
740 1356 832 1373 hereticos
842 1359 860 1373 et
869 1356 961 1373 damnatas
971 1356 1047 1373 hereses
1057 1362 1099 1373 con-

165 1390 230 1411 tinere,
241 1393 259 1407 et
269 1389 389 1407 subscribens
399 1390 480 1413 sigillum
491 1396 550 1407 meum
560 1384 644 1413 apposui.

210 1424 248 1447 Ego
263 1423 318 1440 frater
335 1423 444 1440 Guillelmus
460 1423 483 1440 de
496 1423 595 1441 Lnuduno‘
610 1423 684 1441 Ordinis
699 1423 774 1440 fratrum
789 1423 922 1440 Predieatorum
938 1429 989 1440 sacre
1007 1422 1098 1446 theologie

165 1457 252 1480 magister
262 1460 280 1474 et
289 1457 347 1474 lector
359 1457 406 1473 sacri
417 1456 480 1473 Palatii
491 1456 534 1473 licet
546 1457 634 1480 indignus
645 1463 708 1474 assero
721 1457 779 1473 dictos
792 1456 878 1473 articulos
891 1459 907 1473 et
919 1456 1018 1479 quemlibet
1036 1462 1098 1473 eorum

165 1496 207 1507 esse
217 1490 308 1507 hereticos
315 1490 379 1513 judico
390 1493 408 1507 et
418 1490 493 1507 affirmo.
504 1490 524 1506 In
534 1490 587 1513 cujus
597 1490 630 1511 rei,
641 1493 673 1507 etc.
