1308 1835
204 215 251 234 1322]
406 224 430 234 111
447 223 499 234 nmo
516 223 633 235 moetxxxvi
650 223 716 238 usqu:
733 223 758 234 An
774 223 844 234 ,11111011
860 223 931 234 siccet..
1103 220 1136 236 249

203 259 268 275 dictam
281 259 355 275 domuin
368 259 441 276 nomine
456 259 498 276 dicti
513 260 611 282 Hospitalis
624 259 753 276 custodiebant
765 260 788 276 de
801 259 856 276 domo
869 259 908 282 ipsa
917 259 1008 276 violenter
1019 259 1135 281 expulerunt,

203 295 220 308 et
231 291 318 314 quosdam
329 292 360 314 qui
370 291 455 308 dicebant
464 298 484 308 se
494 292 574 309 scolares
584 292 712 309 Universitatis
723 292 831 309 Parisiensis
841 292 860 308 in
870 298 908 309 eam
919 292 1037 312 induxerunt,
1047 292 1136 308 hostium-

203 330 239 347 que
250 324 353 346 predictum
367 324 448 341 clausurn
463 324 593 341 destruxerunt
605 325 623 341 111
637 330 700 341 eorum
711 325 781 347 grande
794 325 914 347 prejudicium
926 328 944 341 et
953 331 1057 347 gravamen,
1068 324 1135 341 dictum

204 356 296 379 Hospitale
308 362 340 373 sua
353 357 434 379 predicta
447 356 513 373 saisina
525 356 607 373 indebite
619 356 714 379 spoliando
726 360 743 373 et
753 357 808 374 eciam
819 357 837 374 in
848 363 868 374 ea
879 357 1009 380 perturbando.
1022 358 1082 379 Quare
1093 357 1136 374 dicti

204 403 215 406 ..
223 393 320 412 preceptor
331 392 348 406 et
357 402 368 406 .,
377 392 484 412 procurator
494 388 612 411 requirebant
619 395 652 411 per
663 389 730 406 dictum
739 402 750 405 ..
760 390 872 412 prepositum
881 395 900 406 se
908 390 930 407 ad
939 390 1023 407 saisinam
1036 394 1053 407 et
1062 395 1136 413 posses-

203 423 273 439 sionem
284 422 332 439 diete
342 422 407 439 domus
419 422 489 438 restitui
500 425 518 438 et
527 421 608 444 predicta
617 422 640 438 ad
650 425 715 438 statum
728 422 808 438 debitum
822 422 890 438 reduci.

246 455 275 472 Ad
289 461 324 478 que
338 454 410 478 quidem
427 455 476 478 quod
491 460 527 472 non
542 453 631 471 deberent
643 454 689 475 sieri,
702 467 712 471 ..
724 457 784 471 rector
796 455 923 472 universitatis
936 455 1033 472 scolarium
1044 455 1101 472 Paris*
1115 462 1136 472 se

203 493 305 511 opponens,
320 488 417 511 proposuit
431 488 480 511 quod
494 488 534 511 ipse
549 491 567 504 et
581 487 611 504 alii
625 487 767 510 predecessores
781 487 809 504 sui
823 487 949 504 Universitatis
961 488 1043 510 predicte
1055 491 1136 505 rectores

203 524 251 541 suut,
265 524 315 537 erant
330 524 348 537 et
361 521 433 538 fuerant
442 527 452 538 a
462 524 543 544 tempore
553 527 562 537 a
574 526 610 543 quo
622 520 709 537 memoria
724 526 761 536 non
775 520 836 537 existit
850 520 867 536 in
881 520 1000 543 possessione
1012 521 1136 543 cognoscendi

203 553 224 570 de
242 556 260 570 et
274 559 331 576 super
346 554 406 572 causis
426 553 559 571 habitacionum
578 553 674 571 scolarium
692 556 709 570 et
725 553 865 576 inquilinatuum
883 552 979 569 domorum
996 553 1015 569 in
1031 553 1103 569 civitate
1119 556 1137 570 et

203 586 297 603 suburbiis
313 586 370 603 Paris.
387 587 434 603 inter
451 592 574 609 quascumque
590 592 685 609 personas,
702 589 719 603 et
736 586 771 603 sibi
786 589 889 608 competere
903 589 921 602 et
932 585 1000 602 habere
1015 585 1136 602 omnimodam

200 619 348 641 jurisdictionem
362 619 380 635 111
392 619 495 641 premissis,
508 622 542 636 tam
555 619 694 642 privilegiorum
704 625 713 636 11
724 619 800 636 summis
812 618 929 642 pontificibus
944 622 962 635 et
974 617 1050 641 regibus
1062 618 1137 635 Francie

203 651 239 668 sibi
250 657 381 668 concessorum
395 655 485 674 pretextu=
498 657 551 674 quani
563 652 586 668 de
599 658 633 669 usu
646 655 664 669 et
675 652 809 668 consuetudine
823 652 900 669 notoriis
913 655 930 668 et
940 651 1047 671 manifestis,
1060 654 1079 668 el
1088 651 1137 674 quod

202 690 258 706 super
270 684 318 701 dicte
332 684 397 701 domus
409 684 521 701 habitatione
533 690 593 701 coram
608 690 629 701 eo
639 685 687 701 inter
700 685 805 707 magistrum
819 684 925 701 Michaelem
938 684 960 701 de
971 685 1040 701 Sereno
1051 684 1107 701 Fonte
1120 687 1138 701 et.

203 717 290 739 quosdam
304 716 351 733 alios
363 717 386 733 lis
399 720 447 733 mota
459 717 518 733 fuerat
530 720 548 733 et
559 723 592 739 per
605 717 665 739 ipsum
678 723 711 739 pro
724 717 772 734 dicto
786 717 873 734 Michaele
887 717 976 734 sententia
988 717 1022 734 lata
1036 723 1090 740 super
1103 717 1137 734 hoc

202 749 267 770 suerat,
277 755 286 766 a
297 755 332 771 qua
342 749 417 766 minime
426 749 486 766 tuerat
495 749 611 772 appellatum>
624 750 684 771 Quare
694 749 730 766 hiis
740 753 759 766 et
767 749 808 766 aliis
823 750 927 767 rneionibus
938 750 977 772 ipse
987 750 1059 766 dicebat
1069 753 1137 772 partem

202 782 296 799 adversam
310 787 367 804 super
378 782 466 804 predictis
479 787 512 805 per
524 781 592 798 dictum
606 782 726 805 prepositum,
739 783 771 805 qui
784 783 873 799 dictorum
883 783 1018 803 Universitatis,
1032 783 1108 799 rectoris
1120 786 1139 799 et

203 814 301 831 scolarium
313 817 353 830 erat
367 817 459 836 protector
471 820 491 830 ac
505 820 580 831 suorurn
593 814 733 837 privilegiorum
745 814 838 835 defensor,
849 815 908 831 audiri
920 821 957 832 non
968 814 1043 836 dehere,
1052 820 1086 831 nec
1097 821 1138 838 pre-

204 847 250 863 111οω
265 847 305 863 lieri
319 846 456 869 quoquomodo.
471 846 543 868 Quibus
557 847 640 869 partibus
654 850 673 864 et
686 853 748 864 earum
763 847 864 864 rationibus
882 853 937 870 super
952 847 986 864 hoc
1001 847 1074 868 auditis,
1089 847 1137 864 idem

203 879 308 902 prepositus
323 885 356 902 per
367 879 457 902 judicium
472 885 525 896 suum
540 879 668 902 pronunciavit
680 880 805 902 cognitionem
823 879 953 896 habitationum
967 879 1065 896 scolarium
1079 880 1136 896 Paris.

203 914 225 931 ad
241 914 309 931 dietum
326 917 415 931 rectorem
432 914 531 937 pertinere,
549 918 642 931 reservato
659 914 708 937 quod
725 915 740 932 si
758 915 801 931 dicti
818 914 933 937 Hospitalarii
950 915 968 931 in
986 914 1067 937 predicta
1083 914 1137 931 domo

202 947 269 963 morari
285 946 378 967 volebant,
396 950 426 963 aut
441 947 498 969 ipsam
516 946 538 963 ad
555 947 610 964 vitain
624 947 654 964 vel
671 946 715 964 alias
729 948 779 970 justo
796 947 849 964 titulo
863 947 882 964 in
896 947 951 964 alium
968 947 1074 968 transferre,
1092 947 1137 964 illud

202 982 279 1002 possent
292 979 335 1001 jure
354 985 397 1000 suo,
414 979 495 1002 alioquin
513 979 593 996 scolares
610 980 629 996 in
646 980 732 997 domibus
748 986 758 997 a
774 985 795 997 se
810 980 916 1001 conductis,
933 980 1022 997 solvendo
1042 980 1136 997 domorum

201 1012 281 1034 ipsarum
296 1012 375 1028 dominis
391 1012 497 1034 pensionem
513 1018 546 1034 per
560 1018 592 1029 eos
607 1012 628 1029 ad
644 1018 690 1035 quos
704 1013 783 1035 pertinet
796 1013 846 1035 juste
861 1013 960 1034 taxandam,
975 1013 1041 1029 morari
1054 1016 1138 1035 poterant

202 1047 220 1061 et
234 1044 332 1061 debebant*
346 1044 363 1061 Α
379 1050 415 1067 quo
429 1044 511 1066 judicato
528 1047 612 1067 tanquam
629 1044 675 1061 falso
689 1048 708 1062 et
725 1051 779 1068 pravo
792 1048 921 1068 „procurator
937 1045 982 1062 dicti
998 1045 1098 1067 Hospitalis
1114 1045 1136 1062 ad

202 1080 282 1093 nostram
295 1077 364 1093 curiam
376 1077 479 1099 appellavit.
492 1077 565 1093 Auditis
573 1077 610 1099 (sic)
620 1077 677 1100 igitur
689 1078 708 1094 in
720 1078 770 1094 curia
782 1081 844 1094 nostra
854 1078 872 1094 in
883 1083 936 1094 causa
949 1078 996 1094 dicte
1009 1077 1136 1100 appellationis

202 1110 250 1126 dicto
264 1113 389 1132 procuratore,
402 1109 488 1132 dictoque
501 1113 573 1126 rectore
586 1109 675 1132 legittime
688 1113 752 1127 vocato
765 1113 783 1126 et
794 1110 875 1130 absente,
889 1116 909 1127 ac
921 1116 1010 1132 processu
1021 1116 1076 1126 cause
1088 1110 1136 1127 dicte

202 1142 329 1165 appellationis
343 1148 376 1165 per
389 1142 456 1159 curiam
468 1145 549 1159 nostram
562 1145 636 1165 recepto
649 1146 667 1159 et
679 1143 778 1159 examinato
792 1143 897 1165 diligenter,
908 1148 941 1164 per
953 1142 1003 1159 curie
1015 1145 1078 1159 nostre
1086 1142 1136 1165 judi-

201 1175 249 1191 cium
263 1175 331 1191 dictum
345 1175 380 1191 suit
394 1174 495 1197 predictum
507 1188 519 1191 ..
529 1175 643 1198 prepositum
658 1174 705 1191 bene
714 1175 808 1197 judicasse
824 1178 841 1191 et
856 1174 923 1191 dictum
940 1177 1075 1197 procuratorem
1090 1175 1136 1192 male

202 1207 310 1230 appellasse,
321 1211 340 1224 et
351 1207 400 1230 quod
410 1207 445 1224 1100
455 1207 559 1224 emendabit
569 1207 628 1224 dictus
638 1207 750 1230 appelHansll
762 1208 786 1224 Vl
796 1207 826 1224 die
836 1207 904 1224 Marcii.

714 1245 737 1261 G.
748 1245 852 1265 DnocosUs]
862 1245 978 1267 r[eportavit].

248 1293 286 1305 Λι-οὶι.
295 1294 322 1305 nit.
330 1293 372 1305 Paris.
379 1293 408 1305 X¹·.
417 1294 424 1305 ⁵
431 1293 511 1308 (Partem-n
521 1292 537 1304 do
545 1292 587 1306 Parin!
594 1292 613 1304 ter
620 1292 681 1308 Registre
688 1292 711 1304 de.
718 1292 769 1307 sugis),
778 1292 801 1304 rut.
810 1292 837 1304 tao.
844 1298 861 1301 —
867 1291 888 1304 et.
897 1291 964 1306 unum-ie,
971 1293 1013 1304 Acm
1019 1292 1040 1304 du
1048 1291 1135 1305 Parlsmmt»

201 1317 217 1326 ιν)
223 1315 259 1327 8696.

248 1356 260 1369 ¹.
267 1356 290 1368 Mn.
300 1360 303 1368 z
312 1360 318 1367 a
326 1356 380 1367 mlii-12
388 1360 400 1368 ιι.

263 1501 278 1510 u·
287 1500 336 1512 chare.
347 1498 387 1511 Uni-7.
395 1498 441 1510 Paris.
452 1498 468 1512 11,
477 1498 489 1510 1.
1058 1495 1074 1507 32
