1308 1835
150 212 184 230 458
442 219 600 231 cnawruninmm
616 219 711 231 univiras.
729 219 793 231 ranis.
1034 215 1085 233 [1336

151 255 260 279 prolongato
267 259 357 279 tempore,
363 255 418 273 debet
425 261 531 279 proponens
538 256 597 273 facere
604 256 648 273 alias
656 255 706 272 sabas
714 256 732 272 in
740 256 815 278 capucio
821 256 872 278 poni⁷
879 257 978 274 secundum
987 257 1060 273 moduni
1066 260 1085 273 et

151 289 227 306 formam
236 289 336 311 predictosv
349 292 366 306 et
376 289 398 306 de
409 295 456 306 novo
467 288 521 306 debet
533 289 592 306 facere
602 289 624 306 ad
634 289 685 306 fabas
695 289 748 310 trahi,
759 292 778 306 et
789 289 879 306 nominari
890 289 913 306 ab
925 290 1021 306 inventore
1031 289 1084 312 nigre

151 322 199 343 fabe,
206 325 224 339 et
232 322 303 339 mittere
311 322 415 339 nominatos
422 322 445 339 ab
455 322 518 339 eodem
528 322 550 339 ad
558 322 664 345 eligendum
674 322 774 339 secundum
785 322 858 339 modum
869 322 976 345 predictum,
988 328 1084 345 quousque

151 355 248 372 concordia
259 355 325 378 aliqua,
335 355 437 372 secundum
448 355 513 372 modos
522 359 541 372 et
549 355 617 372 formas
628 356 726 378 predictos,
734 356 754 372 in
761 355 840 378 aliquem
851 355 978 378 magistrorum
989 355 1082 372 habeatur*

196 388 260 405 Habita
271 391 331 405 autem
346 388 444 405 concordia
453 392 472 405 et
480 394 572 405 consensu
586 389 667 405 omnium
680 389 761 411 quinque
771 394 804 406 seu
815 389 875 410 trium,
887 391 908 405 ut
916 391 958 405 ante
970 388 1037 405 dictum
1048 391 1083 409 est,

150 427 242 439 consensu
262 425 321 438 tamen
335 422 478 439 contradicentis
493 428 525 439 seu
540 422 714 443 contradicencium,
728 422 744 438 si
758 428 793 444 que
807 422 849 443 sint,
864 422 975 439 sufficienter
988 421 1009 438 ab
1022 421 1083 444 aliquo

150 455 302 472 concordaneium
314 455 376 478 petito,
388 455 456 472 debent
468 455 558 478 eligentes
568 455 631 472 venire
640 455 664 472 ad
672 454 733 472 locum
744 454 775 472 ubi
785 455 819 472 fuit
832 455 944 478 propositum
956 455 978 472 de
989 454 1082 478 eligendo,

150 492 169 505 et
181 494 230 505 unus
245 489 352 505 eorumdem
366 488 477 511 eligencium
487 488 646 509 concordaneiuun,
663 491 681 505 et
696 494 735 509 eos,
750 491 767 505 et
782 488 865 509 electum,
879 488 899 504 in
913 488 1008 511 presencia
1024 488 1083 505 tocius

150 521 238 543 nacionis„
250 521 305 538 debet
320 522 420 542 nominare,
434 525 452 538 et
466 521 574 538 electionem
585 527 635 538 suam
646 521 666 538 in
677 520 751 544 publico
762 524 781 538 et
793 524 855 544 aperto
870 520 962 544 publicare
973 524 992 538 et
1002 521 1082 544 promul-

149 560 199 577 gare.
214 555 255 576 Quo
265 555 319 575 sacto,
334 554 370 571 nisi
385 554 409 571 sit
422 554 448 571 ibi
461 554 585 571 controversia
600 557 617 571 et
632 554 724 571 discordia
737 554 781 574 ulla,
795 560 827 571 seu
842 553 863 571 ab
877 553 916 570 aliis
926 553 1030 576 appellatio,
1040 560 1082 577 pre-

150 588 209 604 dictus
223 593 328 611 proponens
342 587 397 604 debet
411 587 540 604 concordatum
553 593 573 604 ac
587 587 643 604 eciam
656 593 665 604 a
676 587 764 610 predictis
779 587 862 608 electum,
876 592 909 604 seu
921 587 1040 604 concordatus
1053 586 1082 604 vel

149 621 218 638 electos
232 621 359 643 sollempniter
372 620 431 637 facere
445 621 508 643 jurare
519 626 579 637 coram
596 624 632 637 tota
648 621 730 642 nacione,
746 624 763 637 et
778 620 874 638 instituere
886 619 946 643 ipsum
960 620 989 638 vel
1003 621 1053 643 ipsos
1063 620 1082 637 in

148 654 227 670 officium
240 654 269 670 vel
282 653 347 674 officia,
360 653 421 670 claves
435 657 453 670 et
465 653 499 670 alia
512 653 632 670 instrumenta
646 654 727 677 predicte
741 653 836 670 electionis
848 653 937 675 nacionis,
949 659 1009 671 coram
1024 653 1082 670 electo

148 686 176 703 vel
187 686 257 707 electis,
268 686 369 703 secur-dum
381 692 414 703 sua
426 686 484 703 officia
497 686 606 703 ministrare.
620 687 641 703 Et
653 686 708 703 debet
719 687 841 709 juramentum
851 687 891 709 ejus
901 686 930 703 vel
942 686 1019 703 aliorum
1033 692 1080 707 esse,

148 719 197 742 quod
207 719 254 736 bene
264 722 282 736 et
292 719 371 736 fideliter
382 719 474 737 exercebit
483 725 516 736 seu
530 720 640 737 exercebunt
650 720 728 737 officium
738 726 771 737 seu
782 720 846 741 officia,
858 720 880 737 ad
890 726 925 743 que
936 720 972 737 sint
982 720 1004 736 ab
1014 720 1082 736 electo-

148 752 200 769 ribus
210 752 298 775 predictis
313 751 372 773 electi,
386 753 408 769 ad
420 753 509 770 honorem
523 756 541 770 et
555 753 669 770 commodum
683 759 702 770 ac
716 753 816 776 profectum
831 753 889 770 tocius
905 753 987 770 nacionis
1001 753 1081 776 predicte

148 791 180 808 pro
191 791 246 808 posse
259 791 299 807 suo,
309 786 359 802 omni
372 785 415 803 dolo
424 786 454 808 (et)
467 786 531 803 fraude
544 786 625 803 remotis.
641 786 660 803 Si
672 789 732 803 tamen
745 785 766 803 ah
777 786 838 809 aliquo
849 786 973 809 predictorum
985 786 1082 809 magistro-

147 824 187 835 rum
202 819 283 842 predicte
296 819 386 840 nacionis,
396 822 436 836 actu
449 819 469 836 in
481 819 550 836 artibus
563 819 673 842 regentium,
686 823 748 836 contra
759 819 861 842 predictum
872 819 948 836 electum
965 825 998 836 seu
1013 819 1082 836 clectos

147 852 202 869 fuerit
217 852 315 875 appellatio
331 852 422 875 legitima,
440 856 458 869 et
475 852 504 869 cui
519 852 640 875 appellacioni
657 858 690 876 per
705 852 858 869 deliberacionem
877 853 935 869 tocius
951 852 1035 870 nacionis
1052 852 1082 869 vel

146 885 220 908 majoris
235 888 253 902 et
265 885 345 902 sanioris
360 885 417 908 partis
431 886 455 902 sit
468 886 589 902 differendum
606 886 676 902 ratione
694 891 773 908 persone
790 886 819 902 vel
836 891 962 908 personarum,
977 886 1035 903 electe
1052 885 1081 902 vel

147 918 251 940 electarum,
267 924 300 935 seu
316 919 385 936 ratione
399 919 514 941 eligentium,
533 918 562 935 vel
580 919 649 936 ratione
668 919 718 935 modi
731 919 813 941 eligendi
827 919 905 942 predicti
918 924 956 935 non
970 925 979 935 a
995 918 1082 941 predictis

147 951 259 969 electoribus
267 952 297 968 vel
307 952 329 968 ab
339 951 432 974 aliquibus
443 957 506 969 eorum
516 951 613 973 observati„
625 951 719 974 predictus
729 957 833 974 proponens
844 951 920 968 electum
931 951 970 968 sive
980 951 1049 968 electos
1059 951 1081 968 ad

144 984 242 1007 jurandum
252 984 281 1001 vel
292 985 314 1001 ad
327 985 461 1001 instituendum
476 985 498 1001 ad
512 984 591 1001 officium
606 990 638 1001 seu
652 984 674 1001 ad
689 984 748 1001 officia
761 985 868 1006 exercenda⁷
879 984 938 1001 donec
950 990 1007 1007 super
1019 984 1052 1001 hec
1063 985 1081 1001 in

147 1018 230 1038 nacione,
244 1021 263 1034 et
276 1017 308 1034 ubi
321 1017 343 1035 de
356 1018 397 1040 jure
411 1021 428 1034 et
442 1017 575 1034 consuetudine
590 1021 618 1034 est
632 1017 776 1039 discuciendum,
792 1018 816 1034 sit
828 1018 925 1034 summarie
941 1021 958 1034 et
971 1018 994 1034 ad
1007 1018 1081 1040 plenum

147 1051 258 1072 discussum,
275 1050 366 1068 dimittere
381 1054 450 1068 temere
464 1056 502 1067 non
515 1054 613 1074 presumat.
630 1051 663 1068 llle
677 1054 735 1067 autem
751 1051 789 1068 sive
804 1051 838 1072 illi,
848 1051 875 1068 sic
887 1051 956 1068 electus
970 1051 1008 1068 sive
1021 1051 1080 1072 electi,

144 1085 216 1107 juratus
227 1084 334 1107 sivejurati,
347 1084 400 1101 inodo
415 1087 432 1101 et
442 1084 499 1101 forma
509 1084 597 1107 predictis
609 1084 683 1101 omnino
694 1084 802 1105 observatis,
814 1084 869 1101 debet
881 1090 913 1100 seu
924 1084 993 1101 debent
1002 1084 1081 1101 officium

147 1123 179 1134 seu
194 1117 253 1134 officia
269 1117 370 1134 secundum
384 1117 456 1134 modum
471 1121 488 1134 et
502 1117 577 1134 sori-nam
591 1117 690 1140 predictos,
705 1123 800 1140 usquequo
815 1117 892 1140 primum
908 1120 978 1140 tempus
994 1117 1081 1140 prefixum

146 1151 171 1168 sit
179 1151 287 1174 expiratum¹
297 1156 390 1172 exercere,
400 1151 437 1168 nisi
447 1156 501 1168 cansa
510 1150 592 1174 legitima
602 1156 634 1168 sue
644 1150 769 1173 deposicionis
780 1150 801 1167 ab
812 1150 852 1167 aliis
860 1150 963 1171 eveniente,
972 1150 1012 1167 sive
1022 1150 1081 1173 aliqua

147 1184 256 1201 necessitate
267 1184 296 1201 vel
306 1184 380 1201 racione
390 1187 474 1207 urgente,
485 1184 514 1201 vel
528 1184 653 1201 devoluntate
663 1190 701 1205 sua„
713 1184 729 1200 ei
739 1183 768 1200 vel
782 1183 808 1200 eis
819 1183 900 1200 officium
912 1189 945 1200 seu
958 1183 1017 1200 officia
1028 1189 1081 1206 opor-

147 1220 182 1234 teat
193 1218 293 1240 resignare.

192 1250 275 1267 Preterea
291 1253 380 1273 perpetuo
394 1250 491 1267 statuimus
504 1255 524 1266 ac
539 1249 669 1270 ordinavimus,
686 1252 705 1266 ut
720 1249 781 1266 nullus
794 1249 816 1266 ad
828 1249 936 1266 electionem
951 1249 1034 1267 officialis
1048 1256 1081 1267 seu

147 1282 251 1299 offioizlium
265 1282 286 1299 in
299 1282 347 1299 dicta
361 1282 439 1299 nacione
453 1282 589 1309 deffinientjum,
605 1282 706 1299 secundum
721 1282 793 1299 »nodum
810 1285 827 1299 et
842 1282 916 1299 sormam
932 1282 1031 1305 predictos,
1050 1289 1082 1306 per

147 1315 271 1333 inventionem
287 1315 327 1333 sabe
346 1315 406 1338 nigre,
420 1319 451 1332 aut
463 1315 521 1336 aliter,
540 1315 625 1332 decetero
641 1315 746 1332 admittatur
759 1321 833 1339 quoquo
848 1316 909 1337 modo,
924 1316 960 1333 nisi
974 1316 1026 1339 prius
1040 1319 1081 1333 ante

147 1352 219 1372 teinpus
232 1354 265 1365 seu
278 1351 359 1371 tempora
373 1348 480 1371 hujusmodi
494 1348 591 1365 electionis
603 1349 641 1366 sive
656 1348 765 1366 electionum
779 1349 883 1366 officialium
896 1349 976 1372 predicte
993 1350 1081 1370 nacionis,

147 1388 179 1405 per
193 1382 273 1405 spacium
292 1382 348 1399 unius
364 1382 434 1399 mensis
449 1382 523 1405 integri,
539 1382 627 1399 lectiones
642 1388 686 1399 suas
704 1382 723 1399 in
741 1388 795 1399 manu
814 1383 937 1405 procuratoris
956 1382 985 1399 vel
1005 1383 1081 1404 rectoris

147 1416 267 1438 resumpserit
277 1418 296 1432 et
309 1415 401 1432 ordinarie
414 1415 480 1438 legerit
490 1415 591 1432 secundum
601 1416 676 1432 formam
687 1416 749 1433 statuti
758 1422 814 1439 snper
823 1416 906 1439 regentia
914 1416 963 1437 facti,
973 1416 1003 1433 vel
1012 1416 1048 1432 nisi
1059 1416 1081 1432 de

147 1455 194 1466 novo
206 1448 229 1465 cle
241 1452 291 1466 extra
302 1448 364 1466 villam
377 1449 511 1471 supervenerit,
526 1449 565 1466 sive
579 1449 598 1466 in
609 1449 679 1466 artibus
694 1449 789 1471 inceperit,
804 1452 834 1466 aut
847 1449 883 1466 nisi
897 1449 957 1472 aliqua
972 1449 1081 1465 necessitate

146 1482 202 1502 fucrit
209 1481 315 1505 ἰιἏψειῶυμ,Γ
326 1482 349 1499 de
357 1486 393 1505 quo
402 1480 432 1499 {rel
440 1481 465 1499 vde
474 1482 546 1505 quihus,
558 1482 573 1499 si
583 1488 639 1504 super
648 1482 683 1498 hec
693 1482 747 1499 suerit
759 1482 865 1504 requisitus,
879 1482 911 1498 toti
925 1482 997 1498 nacioui
1006 1482 1033 1502 ·³.d
1047 1481 1081 1498 hnc

208 1511 229 1523 58.
947 1516 949 1518 ,
1001 1515 1004 1517 v
1010 1514 1013 1516 —
