1308 1835
174 233 208 251 366
468 240 628 252 cnam-utimum
644 240 739 262 umvrns.
758 241 823 252 rmus.
1060 236 1108 255 [1331

175 277 248 300 plenius
255 277 366 299 continetur,
374 278 427 300 cujus
434 277 499 294 cedule
511 277 575 294 dictam
585 277 725 300 appellationem
735 283 768 294 eeu
778 278 925 300 provocationem
936 278 1046 295 continentis
1057 282 1109 295 tenor

175 310 258 328 noscitur
268 316 309 330 esse
320 310 373 327 talis:

220 351 230 360 ε(
237 344 282 361 Cum
291 344 425 367 appellationis,
432 347 464 361 etc.
473 346 554 366 utsupra
562 347 580 360 n·
587 341 626 365 923,
634 349 686 367 usque
694 344 872 361 defendantnrzhinc
881 347 909 361 est
916 344 965 366 quod
973 350 1013 360 cum
1022 344 1109 367 magister

176 378 240 394 Petrus
251 377 274 394 de
284 377 348 400 Capite
359 377 426 394 Stanno
436 377 523 400 magister
533 377 552 394 in
562 377 652 394 medicina
663 377 768 401 magistrum
779 377 892 400 Alphonsum
905 377 926 393 de
937 376 1041 399 Portugalia
1050 377 1109 393 adhuc

158 424 160 426 ,
175 416 212 427 non
222 410 313 433 ydoneum
324 416 358 428 nec
368 411 422 428 etiam
431 410 508 434 dignum
518 416 551 428 nec
559 414 641 434 tempore
651 411 762 434 competenti
769 410 869 428 venerabili
878 410 916 427 viro
927 410 1002 427 domino
1010 410 1109 427 Guillelmo

174 444 283 461 cancellario
295 444 372 461 ecclesie
383 444 492 461 Parisiensis
502 450 535 467 pro
545 444 617 462 licentia
629 444 646 461 in
657 444 739 461 facultate
749 444 838 461 medicine
848 443 947 461 obtinenda
953 442 1108 467 presentasset...¹

175 478 245 499 [Petrus
257 477 278 494 de
289 477 353 500 Capite
363 478 430 501 Stagno
442 481 459 494 et
468 478 575 501 Alphonsus
585 478 607 494 de
617 477 727 500 Portugalia]
737 477 771 494 sub
782 477 843 494 colore
853 477 896 494 boni
908 483 957 494 suam
970 476 1065 500 cupientes
1074 477 1109 494 ini-

174 511 262 533 quitatem
273 516 306 528 seu
319 511 408 528 maliciam
423 511 518 528 defensare
533 511 555 527 ad
570 514 644 527 matrem
658 511 773 527 dominorum
787 516 868 527 meorum
882 510 1012 527 venerabilium
1029 510 1108 528 virorum

175 544 239 561 decani
256 547 273 561 et
288 544 417 568 magistrorum
431 544 521 561 facultatis
536 544 632 565 medicine,
646 543 732 560 videlicet
746 544 868 560 Parisiensem
883 544 1032 564 Universitatem,
1046 547 1109 560 contra

175 577 268 600 predictos
278 577 363 595 dominos
373 583 424 594 meos
435 577 522 594 decanum
535 580 552 594 et
561 577 659 600 magistros
665 577 756 594 facultatis
763 577 854 594 medicine
860 577 942 600 predicte
948 577 1013 593 frivole
1022 583 1109 599 provoca-

175 614 218 628 runt
228 614 245 628 et
255 611 308 628 etiam
323 610 444 634 appellarunt
457 611 497 632 Que
511 610 584 633 quidem
599 610 714 627 Universitas
728 610 809 633 predicta
823 610 869 627 tales
882 610 1026 631 commissarios,
1039 610 1110 628 scilicet

176 644 283 667 magistrum
291 645 364 661 Petrum
375 644 397 661 de
407 643 501 661 Novavilla
511 646 600 661 rectorem
607 643 741 665 Universimus„
752 644 858 667 magistrum
867 644 977 661 Germanum
986 643 1043 661 Celati
1053 644 1109 667 magi-

165 681 233 694 *strum
243 678 263 694 in
272 677 371 700 theologia,
383 677 489 700 magistrum
500 676 618 694 Guillelmum
630 677 651 694 de
662 677 748 694 Folcossa
758 677 864 700 magistrum
875 678 893 694 in
906 677 992 698 decretis,
1003 677 1110 700 magistrum

175 710 250 727 Paulum
257 710 279 727 tle
287 710 377 731 Narbona,
384 710 424 727 loco
431 710 555 733 procuratoris
562 710 680 731 Gallicorum,
686 710 792 733 magistrum
798 710 899 727 Johannem
906 711 967 727 Maleti
973 714 1110 733 procuratorem

175 744 327 764 Normannorum=
339 746 357 760 et
367 743 473 766 magistrum
484 743 571 760 Thomam
582 743 680 766 Anglicum
692 743 793 766 deputavit¹
807 743 829 760 ad
840 743 950 760 audiendum
961 747 978 760 et
995 744 1110 760 referendum

175 777 234 793 omnia
245 782 281 800 que
291 783 314 793 ex
323 780 374 799 parte
384 777 472 793 dictarum
482 777 560 799 partium
570 780 717 799 proponerentur
726 783 786 793 coram
799 777 832 793 eis.
847 777 881 798 Qui
893 777 1013 794 commissarii
1026 777 1110 800 predicti,

175 813 226 833 parte
236 810 352 826 dominorum
365 816 447 827 meorum
462 816 499 827 non
513 813 575 827 vocata
590 810 707 831 sufficienter,
723 810 746 827 ad
759 810 862 827 instantiam
877 810 967 827 dictorum
980 809 1110 833 appellantium

177 843 346 866 pronunciaverunt
357 846 376 860 et
387 843 526 861 declaraverunt
539 843 597 860 fuisse
609 843 720 867 appellatum
734 843 781 860 hene
794 847 812 860 et
826 843 907 866 legitime
919 850 941 860 ex
957 847 1007 867 parte
1021 843 1110 861 dictorum

175 876 304 900 appellantium
313 876 368 899 (nulla
379 877 484 900 cognitione
495 877 592 894 sufficienti
601 877 697 900 premissa)
707 880 725 893 et
735 877 793 893 eidem
805 877 921 899 appellationi
933 880 970 893 erat
977 877 1111 898 defferendurn,

175 913 345 933 revocaveruntque
358 916 380 927 ex
389 910 467 933 abrupto
478 910 538 927 omnia
550 913 654 933 attemptata
667 910 683 927 si
695 916 730 932 que
746 913 796 926 erant
810 916 842 932 per
854 910 938 927 dominos
953 916 1004 927 meos
1019 910 1112 933 predictos

174 946 236 960 contra
247 943 360 966 appellantes
370 943 463 967 predictos
473 937 509 960 non
520 943 593 967 cognita
607 943 630 960 de
643 943 764 967 appellatione
778 943 867 966 premissa
880 949 914 960 nec
929 943 951 960 de
965 943 1035 960 meritis
1045 943 1111 966 ipsius,

174 976 331 1000 inhibueruntque
342 982 437 1000 perperam
447 977 528 994 dominis
537 977 583 993 meis
593 977 681 1000 predictis
691 982 714 993 ne
724 976 815 999 pendente
827 976 933 999 hujusmodi
942 976 1065 999 appellatione
1078 982 1112 994 seu

174 1010 304 1032 provocatione
317 1013 380 1027 contra
389 1010 441 1033 ipsos
450 1009 567 1033 aliquomodo
577 1009 698 1033 procederent
709 1013 771 1026 contra
781 1010 840 1032 ipsos3
851 1010 901 1032 quod
910 1010 927 1027 si
938 1009 1025 1031 facerent,
1036 1015 1059 1027 ex
1068 1013 1112 1027 tunc

174 1042 284 1059 revocabant
290 1042 310 1059 in
319 1042 390 1059 irritum
402 1045 497 1064 antequam
506 1042 529 1059 de
538 1042 608 1059 meritis
619 1042 678 1065 ipsius
687 1042 815 1065 appellationis
822 1047 856 1058 seu
866 1042 1001 1065 provocationis
1009 1042 1112 1065 inciperent

174 1081 294 1098 cognoscere.
306 1075 346 1097 Que
355 1075 445 1098 premissa
455 1081 488 1098 per
498 1075 558 1092 dictos
567 1075 703 1092 commissarios
717 1078 819 1098 attemptata
835 1081 872 1092 non
884 1078 913 1092 est
929 1075 1003 1092 dubium
1019 1081 1060 1092 esse
1073 1075 1111 1098 juri

174 1108 227 1126 obvia
237 1112 256 1126 et
265 1109 319 1126 etiam
328 1108 396 1126 rationi
407 1112 423 1126 et
434 1108 499 1126 cedere
507 1109 527 1126 in
534 1114 620 1132 magnum
629 1108 751 1132 prejudicium
761 1108 877 1126 dominorum
887 1114 969 1126 meorum
978 1108 1110 1132 predictorum,

174 1145 212 1160 tum
225 1148 248 1159 ex
257 1148 279 1159 eo
289 1143 331 1165 quia
342 1142 402 1159 omnia
416 1142 505 1165 premissa
521 1142 564 1159 dicti
576 1142 697 1159 commissarii
708 1146 776 1159 temere
788 1142 847 1159 faeere
862 1145 1020 1165 presumpserunt,
1031 1142 1111 1159 dominis

173 1176 220 1192 meis
229 1176 318 1198 predictis
328 1182 366 1193 non
379 1176 448 1193 vocatis
459 1179 477 1192 et
490 1175 597 1192 absentibus
610 1182 647 1192 non
661 1182 694 1198 per
708 1176 844 1197 contumaciam,
858 1179 896 1192 tum
911 1175 953 1198 quia
966 1175 1011 1192 dicti
1025 1175 1111 1192 commis-

174 1209 218 1225 sarii
229 1212 282 1226 erant
293 1209 410 1226 solummodo
423 1209 503 1232 deputati
514 1209 535 1225 ad
546 1209 657 1225 audiendum
667 1212 685 1225 et
695 1209 810 1225 referendum
821 1208 940 1231 proponenda
954 1214 1014 1225 coram
1029 1208 1076 1231 ipsis
1088 1215 1111 1225 ex

174 1245 224 1264 parte
233 1242 321 1259 dicwrum
333 1242 417 1265 partium,
429 1245 466 1259 tuin
476 1242 529 1258 etiam
539 1242 582 1264 quia
592 1242 607 1259 si
618 1242 724 1259 habuissent
735 1245 842 1264 potestatem
852 1241 977 1264 cognoscendi
988 1245 1005 1258 et
1015 1241 1066 1258 etiam
1076 1242 1111 1258 dis-

173 1275 255 1296 finiendiv
271 1278 349 1292 attamen
360 1281 398 1292 non
410 1278 510 1297 potuerunt
523 1275 596 1298 dejure
609 1275 686 1298 aliquam
701 1275 829 1292 inhibitionem
842 1275 901 1292 facere
917 1275 996 1292 dominis
1010 1275 1056 1292 meis
1069 1281 1110 1298 pre-

173 1308 233 1329 dictis,
245 1308 304 1324 donec
313 1308 377 1325 saltem
387 1314 502 1331 cognoscere
512 1308 625 1331 incepissent
635 1308 657 1325 de
667 1308 742 1325 veritate
754 1314 808 1325 cause
818 1307 847 1325 vel
858 1314 952 1325 causarum
962 1309 1022 1331 ipsius
1032 1308 1110 1331 appella—

173 1341 228 1358 tionis
237 1347 270 1358 seu
280 1341 423 1364 provocationis,
432 1347 466 1358 nec
473 1344 576 1364 attemptata
587 1341 648 1364 aliquo
655 1341 710 1358 modo
720 1347 812 1363 revocare,
821 1342 879 1359 donec
890 1342 917 1359 eis
928 1342 979 1365 prius
989 1342 1109 1362 constitisset,

173 1378 223 1398 parte
237 1375 352 1392 dominorum
367 1381 448 1392 meorum
459 1375 510 1398 prius
521 1375 601 1398 legitime
614 1379 682 1397 vocata,
694 1376 751 1392 fnisse
764 1376 785 1392 ad
797 1376 862 1392 dictam
874 1376 1017 1393 Universitatem.
1024 1381 1046 1392 ex
1055 1381 1109 1392 causa

173 1408 253 1431 legitima
264 1412 317 1431 atque
328 1414 370 1425 vera
378 1408 466 1425 canonice
474 1408 583 1432 appellatum
591 1414 624 1425 seu
633 1403 685 1426 etiam
693 1412 817 1432 provocatum.
827 1409 852 1425 Ex
860 1408 928 1431 quihus
937 1409 982 1426 etin
992 1408 1059 1431 quibus
1070 1415 1110 1432 pre-

173 1442 235 1459 missis
246 1448 280 1465 ega
292 1442 385 1459 Johannes
395 1442 444 1465 Pipe‚
456 1442 543 1465 magister
553 1442 571 1459 in
580 1442 675 1463 medicina,
683 1446 790 1465 procurator
798 1442 912 1459 dominorum
925 1448 1007 1459 meorum
1017 1442 1109 1465 predicto-

173 1481 213 1492 rum
224 1475 284 1492 locum
294 1478 360 1492 tenens
370 1475 434 1492 decani
444 1478 463 1492 et
471 1476 600 1498 magistrorum
611 1475 701 1492 facultatis
713 1475 809 1496 medicine,
818 1475 888 1492 habens
895 1475 966 1498 plenam
975 1478 1082 1498 potestatem
1091 1478 1110 1492 et

173 1508 277 1526 mandatum
286 1509 381 1526 sufficiens
392 1507 495 1532 appellandi
506 1512 524 1525 et
530 1509 642 1531 provocandi
652 1509 726 1525 nomine
734 1509 815 1531 ipsorum
824 1511 841 1525 et
851 1514 885 1531 pro
894 1509 947 1531 ipsis,
956 1508 1042 1525 senciens
1051 1514 1080 1525 me
1090 1512 1109 1525 et
